Title,Title_URL,Image,Image1,Price,Price2,Content,rating,cartcontrolsaddcart,Avg_price
The Salad Servers Turmeric Cauliflower & Cranberry Salad 300g,https://www.woolworths.com.au/shop/productdetails/663734/the-salad-servers-turmeric-cauliflower-cranberry-salad,,https://assets.woolworths.com.au/images/1005/663734.jpg?impolicy=wowsmkqiema&w=260&h=260,$6.30,$2.10 / 100G,,, Add to cart , Save to list 
The Salad Servers Lentil Salad 800g,https://www.woolworths.com.au/shop/productdetails/11358/the-salad-servers-lentil-salad,,https://assets.woolworths.com.au/images/1005/11358.jpg?impolicy=wowsmkqiema&w=260&h=260,$10.50,$1.31 / 100G,,, Add to cart , Save to list 
The Salad Servers Salad Bean Medley 300g,https://www.woolworths.com.au/shop/productdetails/839321/the-salad-servers-salad-bean-medley,,https://assets.woolworths.com.au/images/1005/839321.jpg?impolicy=wowsmkqiema&w=260&h=260,$6.30,$2.10 / 100G,5.0,1, Add to cart , Save to list 
Fresh Tomato Each,https://www.woolworths.com.au/shop/productdetails/134034/fresh-tomato,https://www.woolworths.com.au/content/promotiontags/supporting-aus-grown-roundel-200x200.png,https://assets.woolworths.com.au/images/1005/134034.jpg?impolicy=wowsmkqiema&w=260&h=260,$0.76,$0.76 / 1EA,,, Add to cart , Save to list 
Truss Tomatoes Each,https://www.woolworths.com.au/shop/productdetails/169438/truss-tomatoes,https://www.woolworths.com.au/content/promotiontags/supporting-aus-grown-roundel-200x200.png,https://assets.woolworths.com.au/images/1005/169438.jpg?impolicy=wowsmkqiema&w=260&h=260,$1.11,$1.11 / 1EA,,, Add to cart , Save to list 
Fresh Strawberry 250g,https://www.woolworths.com.au/shop/productdetails/144607/fresh-strawberry,https://www.woolworths.com.au/content/promotiontags/roundel-fresh-special-2019-200x200-1.png,https://assets.woolworths.com.au/images/1005/144607.jpg?impolicy=wowsmkqiema&w=260&h=260,$3.90,$15.60 / 1KG,,, Add to cart , Save to list 
Green Zucchini Each,https://www.woolworths.com.au/shop/productdetails/170225/green-zucchini,https://www.woolworths.com.au/content/promotiontags/supporting-aus-grown-roundel-200x200.png,https://assets.woolworths.com.au/images/1005/170225.jpg?impolicy=wowsmkqiema&w=260&h=260,$0.90,$0.90 / 1EA,,, Add to cart , Save to list 
Tomato Roma Red Each,https://www.woolworths.com.au/shop/productdetails/149864/tomato-roma-red,https://www.woolworths.com.au/content/promotiontags/supporting-aus-grown-roundel-200x200.png,https://assets.woolworths.com.au/images/1005/149864.jpg?impolicy=wowsmkqiema&w=260&h=260,$0.71,$0.71 / 1EA,,, Add to cart , Save to list 
Woolworths Red Watermelon Cut Quarter Each,https://www.woolworths.com.au/shop/productdetails/120384/woolworths-red-watermelon-cut-quarter,https://www.woolworths.com.au/content/promotiontags/roundel-fresh-special-2019-200x200-1.png,https://assets.woolworths.com.au/images/1005/120384.jpg?impolicy=wowsmkqiema&w=260&h=260,$6.38,$6.38 / 1EA,,, Add to cart , Save to list 
Woolworths Solanato Tomato Punnet 200g,https://www.woolworths.com.au/shop/productdetails/727144/woolworths-solanato-tomato-punnet,https://www.woolworths.com.au/content/promotiontags/roundel-fresh-special-2019-200x200-1.png,https://assets.woolworths.com.au/images/1005/727144.jpg?impolicy=wowsmkqiema&w=260&h=260,$3.50,$17.50 / 1KG,4.8,549, Add to cart , Save to list 
Woolworths Baby Leaf Spinach 120g,https://www.woolworths.com.au/shop/productdetails/524322/woolworths-baby-leaf-spinach,https://www.woolworths.com.au/content/promotiontags/supporting-aus-grown-roundel-200x200.png,https://assets.woolworths.com.au/images/1005/524322.jpg?impolicy=wowsmkqiema&w=260&h=260,$3.00,$25.00 / 1KG,4.7,2855, Add to cart , Save to list 
Woolworths Baby Spinach Spinach 280g,https://www.woolworths.com.au/shop/productdetails/524336/woolworths-baby-spinach-spinach,https://www.woolworths.com.au/content/promotiontags/supporting-aus-grown-roundel-200x200.png,https://assets.woolworths.com.au/images/1005/524336.jpg?impolicy=wowsmkqiema&w=260&h=260,$5.00,$17.86 / 1KG,4.7,1325, Add to cart , Save to list 
Woolworths Cherry Tomatoes Punnet 250g,https://www.woolworths.com.au/shop/productdetails/149620/woolworths-cherry-tomatoes-punnet,,https://assets.woolworths.com.au/images/1005/149620.jpg?impolicy=wowsmkqiema&w=260&h=260,,,4.7,212,, Save to list 
Cavendish Bananas Each,https://www.woolworths.com.au/shop/productdetails/133211/cavendish-bananas,https://www.woolworths.com.au/content/promotiontags/supporting-aus-grown-roundel-200x200.png,https://assets.woolworths.com.au/images/1005/133211.jpg?impolicy=wowsmkqiema&w=260&h=260,$0.72,$0.72 / 1EA,,, Add to cart , Save to list 
Woolworths Baby Spinach 60g,https://www.woolworths.com.au/shop/productdetails/379515/woolworths-baby-spinach,,https://assets.woolworths.com.au/images/1005/379515.jpg?impolicy=wowsmkqiema&w=260&h=260,$2.00,$33.33 / 1KG,,, Add to cart , Save to list 
The Odd Bunch Zucchini Prepacked 750g,https://www.woolworths.com.au/shop/productdetails/825869/the-odd-bunch-zucchini-prepacked,https://www.woolworths.com.au/content/promotiontags/odd-bunch_200x200.png,https://assets.woolworths.com.au/images/1005/825869.jpg?impolicy=wowsmkqiema&w=260&h=260,$2.70,$3.60 / 1KG,4.8,233, Add to cart , Save to list 
Woolworths Baby Leaf Rocket 120g,https://www.woolworths.com.au/shop/productdetails/54900/woolworths-baby-leaf-rocket,https://www.woolworths.com.au/content/promotiontags/supporting-aus-grown-roundel-200x200.png,https://assets.woolworths.com.au/images/1005/54900.jpg?impolicy=wowsmkqiema&w=260&h=260,$3.30,$27.50 / 1KG,4.5,456, Add to cart , Save to list 
Woolworths Tomato Truss 500g Punnet,https://www.woolworths.com.au/shop/productdetails/196442/woolworths-tomato-truss,https://www.woolworths.com.au/content/promotiontags/supporting-aus-grown-roundel-200x200.png,https://assets.woolworths.com.au/images/1005/196442.jpg?impolicy=wowsmkqiema&w=260&h=260,$5.90,$11.80 / 1KG,4.5,482, Add to cart , Save to list 
Woolworths Gourmet Tomatoes Punnet 1kg,https://www.woolworths.com.au/shop/productdetails/143730/woolworths-gourmet-tomatoes-punnet,https://www.woolworths.com.au/content/promotiontags/supporting-aus-grown-roundel-200x200.png,https://assets.woolworths.com.au/images/1005/143730.jpg?impolicy=wowsmkqiema&w=260&h=260,$6.70,$6.70 / 1KG,4.4,160, Add to cart , Save to list 
Woolworths Baby Rocket 60g,https://www.woolworths.com.au/shop/productdetails/380580/woolworths-baby-rocket,,https://assets.woolworths.com.au/images/1005/380580.jpg?impolicy=wowsmkqiema&w=260&h=260,$2.20,$36.67 / 1KG,4.5,695, Add to cart , Save to list 
Spring Onion Eschallot Bunch,https://www.woolworths.com.au/shop/productdetails/147603/spring-onion-eschallot,https://www.woolworths.com.au/content/promotiontags/supporting-aus-grown-roundel-200x200.png,https://assets.woolworths.com.au/images/1005/147603.jpg?impolicy=wowsmkqiema&w=260&h=260,$2.80,$2.80 / 1EA,4.7,298, Add to cart , Save to list 
Woolworths Rockmelon Large Half Each,https://www.woolworths.com.au/shop/productdetails/112533/woolworths-rockmelon-large,https://www.woolworths.com.au/content/promotiontags/roundel-fresh-special-2019-200x200-1.png,https://assets.woolworths.com.au/images/1005/112533.jpg?impolicy=wowsmkqiema&w=260&h=260,$2.45,$2.45 / 1EA,,, Add to cart , Save to list 
Select Gourmet Tomatoes 480g Punnet,https://www.woolworths.com.au/shop/productdetails/759911/select-gourmet-tomatoes,https://www.woolworths.com.au/content/promotiontags/supporting-aus-grown-roundel-200x200.png,https://assets.woolworths.com.au/images/1005/759911.jpg?impolicy=wowsmkqiema&w=260&h=260,$4.90,$10.21 / 1KG,4.4,453, Add to cart , Save to list 
Red Seedless Watermelon Whole Each,https://www.woolworths.com.au/shop/productdetails/139429/red-seedless-watermelon-whole,https://www.woolworths.com.au/content/promotiontags/roundel-fresh-special-2019-200x200-1.png,https://assets.woolworths.com.au/images/1005/139429.jpg?impolicy=wowsmkqiema&w=260&h=260,$25.52,$25.52 / 1EA,,, Add to cart , Save to list 
Perfection Mix A Mato Mini Tomatoes 320g,https://www.woolworths.com.au/shop/productdetails/61078/perfection-mix-a-mato-mini-tomatoes,https://www.woolworths.com.au/content/promotiontags/roundel-fresh-special-2019-200x200-1.png,https://assets.woolworths.com.au/images/1005/61078.jpg?impolicy=wowsmkqiema&w=260&h=260,$5.90,$18.44 / 1KG,,, Add to cart , Save to list 
Onion Shallot French Each,https://www.woolworths.com.au/shop/productdetails/189459/onion-shallot-french,https://www.woolworths.com.au/content/promotiontags/supporting-aus-grown-roundel-200x200.png,https://assets.woolworths.com.au/images/1005/189459.jpg?impolicy=wowsmkqiema&w=260&h=260,$0.65,$0.65 / 1EA,,, Add to cart , Save to list 
Select Truss Cocktail Tomato Punnet 250g,https://www.woolworths.com.au/shop/productdetails/747009/select-truss-cocktail-tomato-punnet,https://www.woolworths.com.au/content/promotiontags/supporting-aus-grown-roundel-200x200.png,https://assets.woolworths.com.au/images/1005/747009.jpg?impolicy=wowsmkqiema&w=260&h=260,$3.90,$15.60 / 1KG,4.7,598, Add to cart , Save to list 
Woolworths Thyme Fresh Herb 10g Punnet,https://www.woolworths.com.au/shop/productdetails/707367/woolworths-thyme-fresh-herb,https://www.woolworths.com.au/content/promotiontags/supporting-aus-grown-roundel-200x200.png,https://assets.woolworths.com.au/images/1005/707367.jpg?impolicy=wowsmkqiema&w=260&h=260,$3.20,$3.20 / 10G,4.6,399, Add to cart , Save to list 
Potato White Washed Each,https://www.woolworths.com.au/shop/productdetails/208895/potato-white-washed,https://www.woolworths.com.au/content/promotiontags/supporting-aus-grown-roundel-200x200.png,https://assets.woolworths.com.au/images/1005/208895.jpg?impolicy=wowsmkqiema&w=260&h=260,$0.81,$0.81 / 1EA,,, Add to cart , Save to list 
Lebanese Cucumbers Each,https://www.woolworths.com.au/shop/productdetails/137130/lebanese-cucumbers,https://www.woolworths.com.au/content/promotiontags/supporting-aus-grown-roundel-200x200.png,https://assets.woolworths.com.au/images/1005/137130.jpg?impolicy=wowsmkqiema&w=260&h=260,$0.99,$0.99 / 1EA,,, Add to cart , Save to list 
Fresh Pink Lady Apples Each,https://www.woolworths.com.au/shop/productdetails/105919/fresh-pink-lady-apples,https://www.woolworths.com.au/content/promotiontags/supporting-aus-grown-roundel-200x200.png,https://assets.woolworths.com.au/images/1005/105919.jpg?impolicy=wowsmkqiema&w=260&h=260,$1.31,$1.31 / 1EA,,, Add to cart , Save to list 
Sweet Potato Gold Each,https://www.woolworths.com.au/shop/productdetails/147071/sweet-potato-gold,https://www.woolworths.com.au/content/promotiontags/supporting-aus-grown-roundel-200x200.png,https://assets.woolworths.com.au/images/1005/147071.jpg?impolicy=wowsmkqiema&w=260&h=260,$1.58,$1.58 / 1EA,,, Add to cart , Save to list 
Woolworths Baby Leaf Beetroot Salad With Beetroot Bag 180g,https://www.woolworths.com.au/shop/productdetails/317566/woolworths-baby-leaf-beetroot-salad-with-beetroot-bag,https://www.woolworths.com.au/content/promotiontags/supporting-aus-grown-roundel-200x200.png,https://assets.woolworths.com.au/images/1005/317566.jpg?impolicy=wowsmkqiema&w=260&h=260,$4.50,$25.00 / 1KG,4.4,603, Add to cart , Save to list 
Cabbage Chinese Wombok Half Each,https://www.woolworths.com.au/shop/productdetails/170154/cabbage-chinese-wombok-half,https://www.woolworths.com.au/content/promotiontags/roundel-fresh-special-2019-200x200-1.png,https://assets.woolworths.com.au/images/1005/170154.jpg?impolicy=wowsmkqiema&w=260&h=260,$2.95,$2.95 / 1EA,,, Add to cart , Save to list 
Woolworths Baby Spinach & Rocket & Rocket 120g,https://www.woolworths.com.au/shop/productdetails/705439/woolworths-baby-spinach-rocket-rocket,,https://assets.woolworths.com.au/images/1005/705439.jpg?impolicy=wowsmkqiema&w=260&h=260,$3.00,$25.00 / 1KG,4.4,543, Add to cart , Save to list 
Fresh Raspberry 125g,https://www.woolworths.com.au/shop/productdetails/165262/driscoll-s-fresh-raspberry,https://www.woolworths.com.au/content/promotiontags/roundel-fresh-special-2019-200x200-1.png,https://assets.woolworths.com.au/images/1005/165262.jpg?impolicy=wowsmkqiema&w=260&h=260,$4.00,$32.00 / 1KG,,, Add to cart , Save to list 
Fresh Broccoli Each,https://www.woolworths.com.au/shop/productdetails/134681/fresh-broccoli,https://www.woolworths.com.au/content/promotiontags/supporting-aus-grown-roundel-200x200.png,https://assets.woolworths.com.au/images/1005/134681.jpg?impolicy=wowsmkqiema&w=260&h=260,$1.49,$1.49 / 1EA,,, Add to cart , Save to list 
Fresh Rockmelon Whole Each,https://www.woolworths.com.au/shop/productdetails/139806/fresh-rockmelon-whole,https://www.woolworths.com.au/content/promotiontags/roundel-fresh-special-2019-200x200-1.png,https://assets.woolworths.com.au/images/1005/139806.jpg?impolicy=wowsmkqiema&w=260&h=260,$4.90,$4.90 / 1EA,,, Add to cart , Save to list 
Red Capsicum Each,https://www.woolworths.com.au/shop/productdetails/135306/red-capsicum,https://www.woolworths.com.au/content/promotiontags/supporting-aus-grown-roundel-200x200.png,https://assets.woolworths.com.au/images/1005/135306.jpg?impolicy=wowsmkqiema&w=260&h=260,$2.48,$2.48 / 1EA,,, Add to cart , Save to list 
Woolworths Leafy Mix Salad 120g,https://www.woolworths.com.au/shop/productdetails/827628/woolworths-leafy-mix-salad,https://www.woolworths.com.au/content/promotiontags/supporting-aus-grown-roundel-200x200.png,https://assets.woolworths.com.au/images/1005/827628.jpg?impolicy=wowsmkqiema&w=260&h=260,$2.00,$16.67 / 1KG,4.4,450, Add to cart , Save to list 
Select Continental Cucumbers Each,https://www.woolworths.com.au/shop/productdetails/137102/select-continental-cucumbers,https://www.woolworths.com.au/content/promotiontags/roundel-fresh-special-2019-200x200-1.png,https://assets.woolworths.com.au/images/1005/137102.jpg?impolicy=wowsmkqiema&w=260&h=260,$1.90,$1.90 / 1EA,4.6,162, Add to cart , Save to list 
Carrot Fresh Each,https://www.woolworths.com.au/shop/productdetails/135344/carrot-fresh,https://www.woolworths.com.au/content/promotiontags/supporting-aus-grown-roundel-200x200.png,https://assets.woolworths.com.au/images/1005/135344.jpg?impolicy=wowsmkqiema&w=260&h=260,$0.35,$0.35 / 1EA,,, Add to cart , Save to list 
Onion Brown Each,https://www.woolworths.com.au/shop/productdetails/144329/onion-brown,https://www.woolworths.com.au/content/promotiontags/supporting-aus-grown-roundel-200x200.png,https://assets.woolworths.com.au/images/1005/144329.jpg?impolicy=wowsmkqiema&w=260&h=260,$0.56,$0.56 / 1EA,,, Add to cart , Save to list 
Onion Red Each,https://www.woolworths.com.au/shop/productdetails/144497/onion-red,https://www.woolworths.com.au/content/promotiontags/supporting-aus-grown-roundel-200x200.png,https://assets.woolworths.com.au/images/1005/144497.jpg?impolicy=wowsmkqiema&w=260&h=260,$0.66,$0.66 / 1EA,,, Add to cart , Save to list 
Iceberg Lettuce Each,https://www.woolworths.com.au/shop/productdetails/154340/iceberg-lettuce,https://www.woolworths.com.au/content/promotiontags/supporting-aus-grown-roundel-200x200.png,https://assets.woolworths.com.au/images/1005/154340.jpg?impolicy=wowsmkqiema&w=260&h=260,$3.00,$3.00 / 1EA,4.5,73, Add to cart , Save to list 
Eat Later Cavendish Bananas Each,https://www.woolworths.com.au/shop/productdetails/157649/eat-later-cavendish-bananas,https://www.woolworths.com.au/content/promotiontags/supporting-aus-grown-roundel-200x200.png,https://assets.woolworths.com.au/images/1005/157649.jpg?impolicy=wowsmkqiema&w=260&h=260,$0.72,$0.72 / 1EA,,, Add to cart , Save to list 
Swedes Fresh Each,https://www.woolworths.com.au/shop/productdetails/149358/swedes-fresh,https://www.woolworths.com.au/content/promotiontags/supporting-aus-grown-roundel-200x200.png,https://assets.woolworths.com.au/images/1005/149358.jpg?impolicy=wowsmkqiema&w=260&h=260,$1.61,$1.61 / 1EA,,, Add to cart , Save to list 
Strawberry Fresh 450g Punnet,https://www.woolworths.com.au/shop/productdetails/748374/strawberry-fresh,https://www.woolworths.com.au/content/promotiontags/supporting-aus-grown-roundel-200x200.png,https://assets.woolworths.com.au/images/1005/748374.jpg?impolicy=wowsmkqiema&w=260&h=260,$7.20,$16.00 / 1KG,,, Add to cart , Save to list 
Woolworths Rosemary Fresh Herb 10g Punnet,https://www.woolworths.com.au/shop/productdetails/707370/woolworths-rosemary-fresh-herb,https://www.woolworths.com.au/content/promotiontags/supporting-aus-grown-roundel-200x200.png,https://assets.woolworths.com.au/images/1005/707370.jpg?impolicy=wowsmkqiema&w=260&h=260,$3.20,$3.20 / 10G,4.4,428, Add to cart , Save to list 
Woolworths Asian Style Salad Kit 350g,https://www.woolworths.com.au/shop/productdetails/743361/woolworths-asian-style-salad-kit,,https://assets.woolworths.com.au/images/1005/743361.jpg?impolicy=wowsmkqiema&w=260&h=260,$5.50,$15.71 / 1KG,4.5,340, Add to cart , Save to list 
Apple Royal Gala Each,https://www.woolworths.com.au/shop/productdetails/155003/apple-royal-gala,https://www.woolworths.com.au/content/promotiontags/roundel-fresh-special-2019-200x200-1.png,https://assets.woolworths.com.au/images/1005/155003.jpg?impolicy=wowsmkqiema&w=260&h=260,$0.94,$0.94 / 1EA,,, Add to cart , Save to list 
Woolworths Classic Coleslaw 200g,https://www.woolworths.com.au/shop/productdetails/531041/woolworths-classic-coleslaw,,https://assets.woolworths.com.au/images/1005/531041.jpg?impolicy=wowsmkqiema&w=260&h=260,$2.00,$10.00 / 1KG,4.2,481, Add to cart , Save to list 
Fresh Granny Smith Apples Each,https://www.woolworths.com.au/shop/productdetails/130935/fresh-granny-smith-apples,https://www.woolworths.com.au/content/promotiontags/supporting-aus-grown-roundel-200x200.png,https://assets.woolworths.com.au/images/1005/130935.jpg?impolicy=wowsmkqiema&w=260&h=260,$0.86,$0.86 / 1EA,,, Add to cart , Save to list 
Woolworths Qukes Baby Cucumbers Punnet 250g,https://www.woolworths.com.au/shop/productdetails/169067/woolworths-qukes-baby-cucumbers-punnet,https://www.woolworths.com.au/content/promotiontags/supporting-aus-grown-roundel-200x200.png,https://assets.woolworths.com.au/images/1005/169067.jpg?impolicy=wowsmkqiema&w=260&h=260,$3.90,$15.60 / 1KG,4.7,357, Add to cart , Save to list 
Zucchini Green Punnet 500g,https://www.woolworths.com.au/shop/productdetails/839552/zucchini-green-punnet,https://www.woolworths.com.au/content/promotiontags/supporting-aus-grown-roundel-200x200.png,https://assets.woolworths.com.au/images/1005/839552.jpg?impolicy=wowsmkqiema&w=260&h=260,$3.90,$7.80 / 1KG,4.2,100, Add to cart , Save to list 
Macro Certified Organic Baby Spinach 100g,https://www.woolworths.com.au/shop/productdetails/717237/macro-certified-organic-baby-spinach,,https://assets.woolworths.com.au/images/1005/717237.jpg?impolicy=wowsmkqiema&w=260&h=260,,,4.6,361,, Save to list 
Woolworths Lettuce Iceberg Blend Lettuce Blend 300g,https://www.woolworths.com.au/shop/productdetails/447755/woolworths-lettuce-iceberg-blend-lettuce-blend,,https://assets.woolworths.com.au/images/1005/447755.jpg?impolicy=wowsmkqiema&w=260&h=260,$3.00,$10.00 / 1KG,3.8,504, Add to cart , Save to list 
Woolworths Onion Brown Bag 1kg,https://www.woolworths.com.au/shop/productdetails/144336/woolworths-onion-brown-bag,https://www.woolworths.com.au/content/promotiontags/supporting-aus-grown-roundel-200x200.png,https://assets.woolworths.com.au/images/1005/144336.jpg?impolicy=wowsmkqiema&w=260&h=260,$3.20,$3.20 / 1KG,4.8,450, Add to cart , Save to list 
Woolworths Sweet Berry Truss Tomatoes Punnet 140g,https://www.woolworths.com.au/shop/productdetails/64423/woolworths-sweet-berry-truss-tomatoes-punnet,https://www.woolworths.com.au/content/promotiontags/supporting-aus-grown-roundel-200x200.png,https://assets.woolworths.com.au/images/1005/64423.jpg?impolicy=wowsmkqiema&w=260&h=260,$3.50,$25.00 / 1KG,4.5,160, Add to cart , Save to list 
Capsicum Green Each,https://www.woolworths.com.au/shop/productdetails/135156/capsicum-green,https://www.woolworths.com.au/content/promotiontags/supporting-aus-grown-roundel-200x200.png,https://assets.woolworths.com.au/images/1005/135156.jpg?impolicy=wowsmkqiema&w=260&h=260,$2.48,$2.48 / 1EA,,, Add to cart , Save to list 
Yellow Flesh Nectarines Each,https://www.woolworths.com.au/shop/productdetails/143494/yellow-flesh-nectarines,https://www.woolworths.com.au/content/promotiontags/roundel-fresh-special-2019-200x200-1.png,https://assets.woolworths.com.au/images/1005/143494.jpg?impolicy=wowsmkqiema&w=260&h=260,$0.69,$0.69 / 1EA,,, Add to cart , Save to list 
Woolworths Caesar Salad Kit Kit 290g,https://www.woolworths.com.au/shop/productdetails/233376/woolworths-caesar-salad-kit-kit,,https://assets.woolworths.com.au/images/1005/233376.jpg?impolicy=wowsmkqiema&w=260&h=260,$5.50,$18.97 / 1KG,4.5,20, Add to cart , Save to list 
Pumpkin Kent Cut Each,https://www.woolworths.com.au/shop/productdetails/143709/pumpkin-kent-cut,https://www.woolworths.com.au/content/promotiontags/supporting-aus-grown-roundel-200x200.png,https://assets.woolworths.com.au/images/1005/143709.jpg?impolicy=wowsmkqiema&w=260&h=260,$2.45,$2.45 / 1EA,,, Add to cart , Save to list 
Aussie Sprouts Alfalfa Sprouts 125g Punnet,https://www.woolworths.com.au/shop/productdetails/147947/aussie-sprouts-alfalfa-sprouts,https://www.woolworths.com.au/content/promotiontags/supporting-aus-grown-roundel-200x200.png,https://assets.woolworths.com.au/images/1005/147947.jpg?impolicy=wowsmkqiema&w=260&h=260,$2.40,$19.20 / 1KG,,, Add to cart , Save to list 
Plum Black Each,https://www.woolworths.com.au/shop/productdetails/139894/plum-black,https://www.woolworths.com.au/content/promotiontags/roundel-fresh-special-2019-200x200-1.png,https://assets.woolworths.com.au/images/1005/139894.jpg?impolicy=wowsmkqiema&w=260&h=260,$0.36,$0.36 / 1EA,,, Add to cart , Save to list 
Woolworths Lettuce Iceberg Shredded Lettuce 200g,https://www.woolworths.com.au/shop/productdetails/638009/woolworths-lettuce-iceberg-shredded-lettuce,https://www.woolworths.com.au/content/promotiontags/supporting-aus-grown-roundel-200x200.png,https://assets.woolworths.com.au/images/1005/638009.jpg?impolicy=wowsmkqiema&w=260&h=260,$2.00,$10.00 / 1KG,3.8,374, Add to cart , Save to list 
Woolworths Leafy Mix Salad 200g,https://www.woolworths.com.au/shop/productdetails/714823/woolworths-leafy-mix-salad,https://www.woolworths.com.au/content/promotiontags/supporting-aus-grown-roundel-200x200.png,https://assets.woolworths.com.au/images/1005/714823.jpg?impolicy=wowsmkqiema&w=260&h=260,$3.00,$15.00 / 1KG,4.6,672, Add to cart , Save to list 
Potato Red Washed Each,https://www.woolworths.com.au/shop/productdetails/111670/potato-red-washed,https://www.woolworths.com.au/content/promotiontags/supporting-aus-grown-roundel-200x200.png,https://assets.woolworths.com.au/images/1005/111670.jpg?impolicy=wowsmkqiema&w=260&h=260,$0.81,$0.81 / 1EA,,, Add to cart , Save to list 
Silverbeet Fresh Bunch Each,https://www.woolworths.com.au/shop/productdetails/178497/silverbeet-fresh-bunch,https://www.woolworths.com.au/content/promotiontags/supporting-aus-grown-roundel-200x200.png,https://assets.woolworths.com.au/images/1005/178497.jpg?impolicy=wowsmkqiema&w=260&h=260,$4.90,$4.90 / 1EA,4.6,5, Add to cart , Save to list 
Woolworths Broccolini Bunch Each,https://www.woolworths.com.au/shop/productdetails/187314/woolworths-broccolini-bunch,https://www.woolworths.com.au/content/promotiontags/roundel-fresh-special-2019-200x200-1.png,https://assets.woolworths.com.au/images/1005/187314.jpg?impolicy=wowsmkqiema&w=260&h=260,$3.50,$3.50 / 1EA,4.6,355, Add to cart , Save to list 
Woolworths Baby Spinach & Kale 300g,https://www.woolworths.com.au/shop/productdetails/54901/woolworths-baby-spinach-kale,https://www.woolworths.com.au/content/promotiontags/supporting-aus-grown-roundel-200x200.png,https://assets.woolworths.com.au/images/1005/54901.jpg?impolicy=wowsmkqiema&w=260&h=260,$5.50,$18.33 / 1KG,4.3,365, Add to cart , Save to list 
Woolworths Thai Salad Kit 315g,https://www.woolworths.com.au/shop/productdetails/515547/woolworths-thai-salad-kit,,https://assets.woolworths.com.au/images/1005/515547.jpg?impolicy=wowsmkqiema&w=260&h=260,$5.50,$1.75 / 100G,4.1,596, Add to cart , Save to list 
White Seedless Grapes Bunch Each,https://www.woolworths.com.au/shop/productdetails/138801/white-seedless-grapes-bunch,https://www.woolworths.com.au/content/promotiontags/roundel-fresh-special-2019-200x200-1.png,https://assets.woolworths.com.au/images/1005/138801.jpg?impolicy=wowsmkqiema&w=260&h=260,$3.80,$3.80 / 1EA,,, Add to cart , Save to list 
Woolworths Snow Peas Fresh 250g Bag,https://www.woolworths.com.au/shop/productdetails/162931/woolworths-snow-peas-fresh,https://www.woolworths.com.au/content/promotiontags/supporting-aus-grown-roundel-200x200.png,https://assets.woolworths.com.au/images/1005/162931.jpg?impolicy=wowsmkqiema&w=260&h=260,$5.90,$23.60 / 1KG,4.6,412, Add to cart , Save to list 
Woolworths Kaleslaw Kit 350g,https://www.woolworths.com.au/shop/productdetails/705436/woolworths-kaleslaw-kit,,https://assets.woolworths.com.au/images/1005/705436.jpg?impolicy=wowsmkqiema&w=260&h=260,$5.50,$15.71 / 1KG,4.4,423, Add to cart , Save to list 
The Odd Bunch Continental Cucumber Each,https://www.woolworths.com.au/shop/productdetails/829360/the-odd-bunch-continental-cucumber,,https://assets.woolworths.com.au/images/1005/829360.jpg?impolicy=wowsmkqiema&w=260&h=260,,,4.7,424,, Save to list 
Fresh Cauliflower Half Each,https://www.woolworths.com.au/shop/productdetails/135568/fresh-cauliflower,https://www.woolworths.com.au/content/promotiontags/supporting-aus-grown-roundel-200x200.png,https://assets.woolworths.com.au/images/1005/135568.jpg?impolicy=wowsmkqiema&w=260&h=260,$2.25,$2.25 / 1EA,,, Add to cart , Save to list 
Ginger Fresh Per Kg,https://www.woolworths.com.au/shop/productdetails/138082/ginger-fresh,https://www.woolworths.com.au/content/promotiontags/supporting-aus-grown-roundel-200x200.png,https://assets.woolworths.com.au/images/1005/138082.jpg?impolicy=wowsmkqiema&w=260&h=260,$29.00,$29.00 / 1KG,,, Add to cart , Save to list 
Woolworths Washed Potatoes Bag 2kg,https://www.woolworths.com.au/shop/productdetails/262783/woolworths-washed-potatoes-bag,https://www.woolworths.com.au/content/promotiontags/supporting-aus-grown-roundel-200x200.png,https://assets.woolworths.com.au/images/1005/262783.jpg?impolicy=wowsmkqiema&w=260&h=260,$7.50,$3.75 / 1KG,4.8,573, Add to cart , Save to list 
Cabbage Chinese Wombok Whole Each,https://www.woolworths.com.au/shop/productdetails/170127/cabbage-chinese-wombok,https://www.woolworths.com.au/content/promotiontags/roundel-fresh-special-2019-200x200-1.png,https://assets.woolworths.com.au/images/1005/170127.jpg?impolicy=wowsmkqiema&w=260&h=260,$5.90,$5.90 / 1EA,,, Add to cart , Save to list 
Fresh Blueberries Punnet 125g,https://www.woolworths.com.au/shop/productdetails/169792/fresh-blueberries-punnet,,https://assets.woolworths.com.au/images/1005/169792.jpg?impolicy=wowsmkqiema&w=260&h=260,$5.50,$44.00 / 1KG,,, Add to cart , Save to list 
Potato Brushed Each,https://www.woolworths.com.au/shop/productdetails/246566/potato-brushed,https://www.woolworths.com.au/content/promotiontags/supporting-aus-grown-roundel-200x200.png,https://assets.woolworths.com.au/images/1005/246566.jpg?impolicy=wowsmkqiema&w=260&h=260,$0.67,$0.67 / 1EA,,, Add to cart , Save to list 
Woolworths Sage Fresh Herb 10g Punnet,https://www.woolworths.com.au/shop/productdetails/707369/woolworths-sage-fresh-herb,https://www.woolworths.com.au/content/promotiontags/supporting-aus-grown-roundel-200x200.png,https://assets.woolworths.com.au/images/1005/707369.jpg?impolicy=wowsmkqiema&w=260&h=260,$3.20,$3.20 / 10G,,, Add to cart , Save to list 
Lime Fresh Each,https://www.woolworths.com.au/shop/productdetails/245902/lime-fresh,https://www.woolworths.com.au/content/promotiontags/supporting-aus-grown-roundel-200x200.png,https://assets.woolworths.com.au/images/1005/245902.jpg?impolicy=wowsmkqiema&w=260&h=260,$1.34,$1.34 / 1EA,,, Add to cart , Save to list 
Woolworths Simply Steam Zucchini Spaghetti 250g,https://www.woolworths.com.au/shop/productdetails/515646/woolworths-simply-steam-zucchini-spaghetti,https://www.woolworths.com.au/content/promotiontags/supporting-aus-grown-roundel-200x200.png,https://assets.woolworths.com.au/images/1005/515646.jpg?impolicy=wowsmkqiema&w=260&h=260,$3.30,$1.32 / 100G,3.9,457, Add to cart , Save to list 
Woolworths Gold Sweet Potatoes Bag 1kg,https://www.woolworths.com.au/shop/productdetails/156015/woolworths-gold-sweet-potatoes-bag,https://www.woolworths.com.au/content/promotiontags/supporting-aus-grown-roundel-200x200.png,https://assets.woolworths.com.au/images/1005/156015.jpg?impolicy=wowsmkqiema&w=260&h=260,$4.50,$4.50 / 1KG,4.6,641, Add to cart , Save to list 
Spud Lite Prepack Potato 1.5kg,https://www.woolworths.com.au/shop/productdetails/829357/spud-lite-prepack-potato,https://www.woolworths.com.au/content/promotiontags/supporting-aus-grown-roundel-200x200.png,https://assets.woolworths.com.au/images/1005/829357.jpg?impolicy=wowsmkqiema&w=260&h=260,$6.00,$4.00 / 1KG,,, Add to cart , Save to list 
Woolworths Sugar Snap Peas 150g Bag,https://www.woolworths.com.au/shop/productdetails/163783/woolworths-sugar-snap-peas,https://www.woolworths.com.au/content/promotiontags/supporting-aus-grown-roundel-200x200.png,https://assets.woolworths.com.au/images/1005/163783.jpg?impolicy=wowsmkqiema&w=260&h=260,$5.50,$36.67 / 1KG,4.5,658, Add to cart , Save to list 
Turnip Fresh Each,https://www.woolworths.com.au/shop/productdetails/199732/turnip-fresh,https://www.woolworths.com.au/content/promotiontags/supporting-aus-grown-roundel-200x200.png,https://assets.woolworths.com.au/images/1005/199732.jpg?impolicy=wowsmkqiema&w=260&h=260,$1.40,$1.40 / 1EA,,, Add to cart , Save to list 
Woolworths Fresh Pink Lady Apples Punnet 1kg,https://www.woolworths.com.au/shop/productdetails/310968/woolworths-fresh-pink-lady-apples-punnet,https://www.woolworths.com.au/content/promotiontags/supporting-aus-grown-roundel-200x200.png,https://assets.woolworths.com.au/images/1005/310968.jpg?impolicy=wowsmkqiema&w=260&h=260,$7.50,$7.50 / 1KG,,, Add to cart , Save to list 
Yellow Flesh Peach Each,https://www.woolworths.com.au/shop/productdetails/144848/yellow-flesh-peach,https://www.woolworths.com.au/content/promotiontags/supporting-aus-grown-roundel-200x200.png,https://assets.woolworths.com.au/images/1005/144848.jpg?impolicy=wowsmkqiema&w=260&h=260,$0.69,$0.69 / 1EA,,, Add to cart , Save to list 
Fresh William Bartlett Pear Each,https://www.woolworths.com.au/shop/productdetails/145762/fresh-william-bartlett-pear,https://www.woolworths.com.au/content/promotiontags/roundel-fresh-special-2019-200x200-1.png,https://assets.woolworths.com.au/images/1005/145762.jpg?impolicy=wowsmkqiema&w=260&h=260,$0.90,$0.90 / 1EA,,, Add to cart , Save to list 
Woolworths Greek Salad Kit 270g,https://www.woolworths.com.au/shop/productdetails/159626/woolworths-greek-salad-kit,,https://assets.woolworths.com.au/images/1005/159626.jpg?impolicy=wowsmkqiema&w=260&h=260,$6.00,$22.22 / 1KG,3.8,396, Add to cart , Save to list 
Woolworths Mushrooms Button 200g Punnet,https://www.woolworths.com.au/shop/productdetails/152608/woolworths-mushrooms-button,https://www.woolworths.com.au/content/promotiontags/supporting-aus-grown-roundel-200x200.png,https://assets.woolworths.com.au/images/1005/152608.jpg?impolicy=wowsmkqiema&w=260&h=260,$4.00,$20.00 / 1KG,4.7,624, Add to cart , Save to list 
Beans Round Per Kg,https://www.woolworths.com.au/shop/productdetails/134072/beans-round,https://www.woolworths.com.au/content/promotiontags/supporting-aus-grown-roundel-200x200.png,https://assets.woolworths.com.au/images/1005/134072.jpg?impolicy=wowsmkqiema&w=260&h=260,$5.90,$5.90 / 1KG,4.5,216, Add to cart , Save to list 
Perfection Romatherapy Baby Roma Tomato 250g Punnet,https://www.woolworths.com.au/shop/productdetails/285761/perfection-romatherapy-baby-roma-tomato,https://www.woolworths.com.au/content/promotiontags/supporting-aus-grown-roundel-200x200.png,https://assets.woolworths.com.au/images/1005/285761.jpg?impolicy=wowsmkqiema&w=260&h=260,$4.00,$16.00 / 1KG,4.7,194, Add to cart , Save to list 
Woolworths Rainbow Coleslaw 300g,https://www.woolworths.com.au/shop/productdetails/702156/woolworths-rainbow-coleslaw,,https://assets.woolworths.com.au/images/1005/702156.jpg?impolicy=wowsmkqiema&w=260&h=260,$3.00,$10.00 / 1KG,4.1,655, Add to cart , Save to list 
Lemon Fresh Each,https://www.woolworths.com.au/shop/productdetails/259514/lemon-fresh,https://www.woolworths.com.au/content/promotiontags/supporting-aus-grown-roundel-200x200.png,https://assets.woolworths.com.au/images/1005/259514.jpg?impolicy=wowsmkqiema&w=260&h=260,$1.56,$1.56 / 1EA,,, Add to cart , Save to list 
Macro Organic Banana Each,https://www.woolworths.com.au/shop/productdetails/306510/macro-organic-banana,https://www.woolworths.com.au/content/promotiontags/supporting-aus-grown-roundel-200x200.png,https://assets.woolworths.com.au/images/1005/306510.jpg?impolicy=wowsmkqiema&w=260&h=260,$0.99,$0.99 / 1EA,4.2,326, Add to cart , Save to list 
Woolworths Yellow Squash 250g Punnet,https://www.woolworths.com.au/shop/productdetails/173264/woolworths-yellow-squash,https://www.woolworths.com.au/content/promotiontags/supporting-aus-grown-roundel-200x200.png,https://assets.woolworths.com.au/images/1005/173264.jpg?impolicy=wowsmkqiema&w=260&h=260,$3.90,$15.60 / 1KG,,, Add to cart , Save to list 
Aussie Sprouts Pea Shoots 100g Pack,https://www.woolworths.com.au/shop/productdetails/127101/aussie-sprouts-pea-shoots,https://www.woolworths.com.au/content/promotiontags/supporting-aus-grown-roundel-200x200.png,https://assets.woolworths.com.au/images/1005/127101.jpg?impolicy=wowsmkqiema&w=260&h=260,$3.50,$35.00 / 1KG,,, Add to cart , Save to list 
Avocado Fresh 5 Pack,https://www.woolworths.com.au/shop/productdetails/594774/avocado-fresh,,https://assets.woolworths.com.au/images/1005/594774.jpg?impolicy=wowsmkqiema&w=260&h=260,$7.50,$1.50 / 1EA,,, Add to cart , Save to list 
Woolworths Green Goodness Salad Bowl 240g,https://www.woolworths.com.au/shop/productdetails/56534/woolworths-green-goodness-salad-bowl-salad-bowl,https://www.woolworths.com.au/content/promotiontags/awards-2022-winner-roundel.png,https://assets.woolworths.com.au/images/1005/56534.jpg?impolicy=wowsmkqiema&w=260&h=260,$6.50,$27.08 / 1KG,4.2,325, Add to cart , Save to list 
Premium Strawberries Punnet 350g,https://www.woolworths.com.au/shop/productdetails/659179/strawberry-premium-strawberries-punnet,,https://assets.woolworths.com.au/images/1005/659179.jpg?impolicy=wowsmkqiema&w=260&h=260,,,,,, Save to list 
Pumpkin Butternut Whole Each,https://www.woolworths.com.au/shop/productdetails/147195/pumpkin-butternut-whole,https://www.woolworths.com.au/content/promotiontags/roundel-fresh-special-2019-200x200-1.png,https://assets.woolworths.com.au/images/1005/147195.jpg?impolicy=wowsmkqiema&w=260&h=260,$4.55,$4.55 / 1EA,,, Add to cart , Save to list 
Woolworths Truss Tomatoes Vine Ripened Punnet 500g,https://www.woolworths.com.au/shop/productdetails/699902/woolworths-truss-tomatoes-vine-ripened-punnet,,https://assets.woolworths.com.au/images/1005/699902.jpg?impolicy=wowsmkqiema&w=260&h=260,,,,,, Save to list 
Woolworths Red Onions 1kg Bag,https://www.woolworths.com.au/shop/productdetails/124751/woolworths-red-onions,https://www.woolworths.com.au/content/promotiontags/supporting-aus-grown-roundel-200x200.png,https://assets.woolworths.com.au/images/1005/124751.jpg?impolicy=wowsmkqiema&w=260&h=260,$3.90,$3.90 / 1KG,4.7,340, Add to cart , Save to list 
Woolworths Celery Sticks 300g Punnet,https://www.woolworths.com.au/shop/productdetails/745467/woolworths-celery-sticks,https://www.woolworths.com.au/content/promotiontags/supporting-aus-grown-roundel-200x200.png,https://assets.woolworths.com.au/images/1005/745467.jpg?impolicy=wowsmkqiema&w=260&h=260,$5.50,$18.33 / 1KG,4.1,387, Add to cart , Save to list 
Woolworths Chicken Caesar Salad Bowl 180g,https://www.woolworths.com.au/shop/productdetails/642106/woolworths-chicken-caesar-salad-bowl-caesar-bowl,,https://assets.woolworths.com.au/images/1005/642106.jpg?impolicy=wowsmkqiema&w=260&h=260,$6.00,$40.00 / 1KG,4.2,403, Add to cart , Save to list 
Fresh Whole Cauliflower Each,https://www.woolworths.com.au/shop/productdetails/135552/fresh-whole-cauliflower,https://www.woolworths.com.au/content/promotiontags/supporting-aus-grown-roundel-200x200.png,https://assets.woolworths.com.au/images/1005/135552.jpg?impolicy=wowsmkqiema&w=260&h=260,$4.50,$4.50 / 1EA,,, Add to cart , Save to list 
The Odd Bunch Strawberry Punnet 500g,https://www.woolworths.com.au/shop/productdetails/732262/the-odd-bunch-strawberry-punnet,,https://assets.woolworths.com.au/images/1005/732262.jpg?impolicy=wowsmkqiema&w=260&h=260,,,,,, Save to list 
Woolworths Caesar Salad Kit Tub 250g,https://www.woolworths.com.au/shop/productdetails/169160/woolworths-caesar-salad-kit-tub,,https://assets.woolworths.com.au/images/1005/169160.jpg?impolicy=wowsmkqiema&w=260&h=260,$6.50,$26.00 / 1KG,4.2,445, Add to cart , Save to list 
Woolworths White Washed Baby Potatoes Bag 1kg,https://www.woolworths.com.au/shop/productdetails/385085/woolworths-white-washed-baby-potatoes-bag,https://www.woolworths.com.au/content/promotiontags/supporting-aus-grown-roundel-200x200.png,https://assets.woolworths.com.au/images/1005/385085.jpg?impolicy=wowsmkqiema&w=260&h=260,$3.80,$3.80 / 1KG,4.6,271, Add to cart , Save to list 
Woolworths White Cup Sliced Mushroom Punnet 200g,https://www.woolworths.com.au/shop/productdetails/147981/woolworths-white-cup-sliced-mushroom-punnet,https://www.woolworths.com.au/content/promotiontags/supporting-aus-grown-roundel-200x200.png,https://assets.woolworths.com.au/images/1005/147981.jpg?impolicy=wowsmkqiema&w=260&h=260,$3.80,$19.00 / 1KG,4.5,908, Add to cart , Save to list 
Woolworths Red Washed Potatoes Bag 2kg,https://www.woolworths.com.au/shop/productdetails/101638/woolworths-red-washed-potatoes-bag,https://www.woolworths.com.au/content/promotiontags/roundel-fresh-special-2019-200x200-1.png,https://assets.woolworths.com.au/images/1005/101638.jpg?impolicy=wowsmkqiema&w=260&h=260,$7.50,$3.75 / 1KG,4.7,259, Add to cart , Save to list 
Woolworths Cook Stir-fry Traditional Vegetables 400g,https://www.woolworths.com.au/shop/productdetails/139033/woolworths-cook-stir-fry-traditional-vegetables,https://www.woolworths.com.au/content/promotiontags/supporting-aus-grown-roundel-200x200.png,https://assets.woolworths.com.au/images/1005/139033.jpg?impolicy=wowsmkqiema&w=260&h=260,$5.00,$12.50 / 1KG,4.1,223, Add to cart , Save to list 
Corn Sweet Each,https://www.woolworths.com.au/shop/productdetails/149374/corn-sweet,https://www.woolworths.com.au/content/promotiontags/supporting-aus-grown-roundel-200x200.png,https://assets.woolworths.com.au/images/1005/149374.jpg?impolicy=wowsmkqiema&w=260&h=260,$1.20,$1.20 / 1EA,4.7,188, Add to cart , Save to list 
Celery Fresh Bunch,https://www.woolworths.com.au/shop/productdetails/135918/celery-fresh,https://www.woolworths.com.au/content/promotiontags/supporting-aus-grown-roundel-200x200.png,https://assets.woolworths.com.au/images/1005/135918.jpg?impolicy=wowsmkqiema&w=260&h=260,$4.50,$4.50 / 1EA,,, Add to cart , Save to list 
The Odd Bunch Pear Prepacked 1kg,https://www.woolworths.com.au/shop/productdetails/800774/the-odd-bunch-pear-prepacked,https://www.woolworths.com.au/content/promotiontags/supporting-aus-grown-roundel-200x200.png,https://assets.woolworths.com.au/images/1005/800774.jpg?impolicy=wowsmkqiema&w=260&h=260,$2.30,$2.30 / 1KG,4.5,353, Add to cart , Save to list 
Woolworths Mushrooms Cups 500g Punnet,https://www.woolworths.com.au/shop/productdetails/149963/woolworths-mushrooms-cups,https://www.woolworths.com.au/content/promotiontags/roundel-fresh-special-2019-200x200-1.png,https://assets.woolworths.com.au/images/1005/149963.jpg?impolicy=wowsmkqiema&w=260&h=260,$7.00,$14.00 / 1KG,4.8,493, Add to cart , Save to list 
Woolworths Chicken Buffalo Salad Bowl 180g,https://www.woolworths.com.au/shop/productdetails/56533/woolworths-chicken-buffalo-salad-bowl-salad-bowl,,https://assets.woolworths.com.au/images/1005/56533.jpg?impolicy=wowsmkqiema&w=260&h=260,$6.50,$36.11 / 1KG,3.7,680, Add to cart , Save to list 
Woolworths Lettuce Butter 170g,https://www.woolworths.com.au/shop/productdetails/847873/woolworths-lettuce-butter,https://www.woolworths.com.au/content/promotiontags/supporting-aus-grown-roundel-200x200.png,https://assets.woolworths.com.au/images/1005/847873.jpg?impolicy=wowsmkqiema&w=260&h=260,$4.00,$23.53 / 1KG,4.3,456, Add to cart , Save to list 
The Odd Bunch Carrot Prepacked 1kg,https://www.woolworths.com.au/shop/productdetails/824508/the-odd-bunch-carrot-prepacked,https://www.woolworths.com.au/content/promotiontags/supporting-aus-grown-roundel-200x200.png,https://assets.woolworths.com.au/images/1005/824508.jpg?impolicy=wowsmkqiema&w=260&h=260,$0.80,$0.80 / 1KG,4.7,426, Add to cart , Save to list 
Tangelo Minneola Each,https://www.woolworths.com.au/shop/productdetails/262398/tangelo-minneola,,https://assets.woolworths.com.au/images/1005/262398.jpg?impolicy=wowsmkqiema&w=260&h=260,,,,,, Save to list 
Eggplant Fresh Each,https://www.woolworths.com.au/shop/productdetails/137546/eggplant-fresh,https://www.woolworths.com.au/content/promotiontags/supporting-aus-grown-roundel-200x200.png,https://assets.woolworths.com.au/images/1005/137546.jpg?impolicy=wowsmkqiema&w=260&h=260,$2.53,$2.53 / 1EA,,, Add to cart , Save to list 
Leek Fresh Each,https://www.woolworths.com.au/shop/productdetails/139645/leek-fresh,https://www.woolworths.com.au/content/promotiontags/roundel-fresh-special-2019-200x200-1.png,https://assets.woolworths.com.au/images/1005/139645.jpg?impolicy=wowsmkqiema&w=260&h=260,$3.00,,,, Add to cart , Save to list 
Woolworths Carrot Mini 500g,https://www.woolworths.com.au/shop/productdetails/742824/woolworths-carrot-mini,https://www.woolworths.com.au/content/promotiontags/supporting-aus-grown-roundel-200x200.png,https://assets.woolworths.com.au/images/1005/742824.jpg?impolicy=wowsmkqiema&w=260&h=260,$1.80,$3.60 / 1KG,4.6,175, Add to cart , Save to list 
Perfection Kumato Tomato Punnet 300g,https://www.woolworths.com.au/shop/productdetails/663649/perfection-kumato-tomato-punnet,https://www.woolworths.com.au/content/promotiontags/supporting-aus-grown-roundel-200x200.png,https://assets.woolworths.com.au/images/1005/663649.jpg?impolicy=wowsmkqiema&w=260&h=260,$4.90,$16.33 / 1KG,4.5,193, Add to cart , Save to list 
Banana Lady Finger Each,https://www.woolworths.com.au/shop/productdetails/133390/banana-lady-finger,https://www.woolworths.com.au/content/promotiontags/supporting-aus-grown-roundel-200x200.png,https://assets.woolworths.com.au/images/1005/133390.jpg?impolicy=wowsmkqiema&w=260&h=260,$1.12,$1.12 / 1EA,,, Add to cart , Save to list 
Woolworths Green Cabbage Half Each,https://www.woolworths.com.au/shop/productdetails/134932/woolworths-green-cabbage,https://www.woolworths.com.au/content/promotiontags/supporting-aus-grown-roundel-200x200.png,https://assets.woolworths.com.au/images/1005/134932.jpg?impolicy=wowsmkqiema&w=260&h=260,$3.95,$3.95 / 1EA,,, Add to cart , Save to list 
Bananas Kids 5 Pack,https://www.woolworths.com.au/shop/productdetails/106218/bananas-kids,https://www.woolworths.com.au/content/promotiontags/supporting-aus-grown-roundel-200x200.png,https://assets.woolworths.com.au/images/1005/106218.jpg?impolicy=wowsmkqiema&w=260&h=260,$3.00,$3.00 / 1EA,,, Add to cart , Save to list 
Woolworths Mushrooms Cups 200g Punnet,https://www.woolworths.com.au/shop/productdetails/143304/woolworths-mushrooms-cups,https://www.woolworths.com.au/content/promotiontags/supporting-aus-grown-roundel-200x200.png,https://assets.woolworths.com.au/images/1005/143304.jpg?impolicy=wowsmkqiema&w=260&h=260,$3.80,$19.00 / 1KG,4.7,426, Add to cart , Save to list 
Jazz Apple Each,https://www.woolworths.com.au/shop/productdetails/306343/jazz-apple,https://www.woolworths.com.au/content/promotiontags/supporting-aus-grown-roundel-200x200.png,https://assets.woolworths.com.au/images/1005/306343.jpg?impolicy=wowsmkqiema&w=260&h=260,$1.31,$1.31 / 1EA,,, Add to cart , Save to list 
Woolworths Family Coleslaw 500g,https://www.woolworths.com.au/shop/productdetails/54899/woolworths-family-coleslaw,,https://assets.woolworths.com.au/images/1005/54899.jpg?impolicy=wowsmkqiema&w=260&h=260,$5.00,$10.00 / 1KG,4.1,556, Add to cart , Save to list 
Woolworths Corn Sweet 500g Pack,https://www.woolworths.com.au/shop/productdetails/139897/woolworths-corn-sweet,https://www.woolworths.com.au/content/promotiontags/roundel-fresh-special-2019-200x200-1.png,https://assets.woolworths.com.au/images/1005/139897.jpg?impolicy=wowsmkqiema&w=260&h=260,$4.50,$9.00 / 1KG,4.6,474, Add to cart , Save to list 
Baby Spinach Loose Per Kg,https://www.woolworths.com.au/shop/productdetails/194947/baby-spinach-loose,,https://assets.woolworths.com.au/images/1005/194947.jpg?impolicy=wowsmkqiema&w=260&h=260,$17.00,$17.00 / 1KG,,, Add to cart , Save to list 
Peach White Flesh Each,https://www.woolworths.com.au/shop/productdetails/144926/peach-white-flesh,https://www.woolworths.com.au/content/promotiontags/supporting-aus-grown-roundel-200x200.png,https://assets.woolworths.com.au/images/1005/144926.jpg?impolicy=wowsmkqiema&w=260&h=260,$0.69,$0.69 / 1EA,,, Add to cart , Save to list 
Woolworths Brushed Potatoes Bag 4kg,https://www.woolworths.com.au/shop/productdetails/124831/woolworths-brushed-potatoes-bag,https://www.woolworths.com.au/content/promotiontags/supporting-aus-grown-roundel-200x200.png,https://assets.woolworths.com.au/images/1005/124831.jpg?impolicy=wowsmkqiema&w=260&h=260,$9.00,$2.25 / 1KG,4.6,663, Add to cart , Save to list 
Woolworths Fresh Continental Parsley Bunch,https://www.woolworths.com.au/shop/productdetails/144785/woolworths-fresh-continental-parsley-fresh-herb,https://www.woolworths.com.au/content/promotiontags/supporting-aus-grown-roundel-200x200.png,https://assets.woolworths.com.au/images/1005/144785.jpg?impolicy=wowsmkqiema&w=260&h=260,$3.20,$3.20 / 1EA,4.6,191, Add to cart , Save to list 
Chilli Red Each,https://www.woolworths.com.au/shop/productdetails/136510/chilli-red,https://www.woolworths.com.au/content/promotiontags/supporting-aus-grown-roundel-200x200.png,https://assets.woolworths.com.au/images/1005/136510.jpg?impolicy=wowsmkqiema&w=260&h=260,$0.60,$0.60 / 1EA,,, Add to cart , Save to list 
Buk Choy Asian Greens Each,https://www.woolworths.com.au/shop/productdetails/134801/buk-choy-asian-greens,https://www.woolworths.com.au/content/promotiontags/supporting-aus-grown-roundel-200x200.png,https://assets.woolworths.com.au/images/1005/134801.jpg?impolicy=wowsmkqiema&w=260&h=260,$2.50,$2.50 / 1EA,,, Add to cart , Save to list 
Just Veg. Carrot Sticks 300g,https://www.woolworths.com.au/shop/productdetails/921080/just-veg-carrot-sticks,https://www.woolworths.com.au/content/promotiontags/supporting-aus-grown-roundel-200x200.png,https://assets.woolworths.com.au/images/1005/921080.jpg?impolicy=wowsmkqiema&w=260&h=260,$3.30,$11.00 / 1KG,,, Add to cart , Save to list 
Woolworths Fresh Herb Coriander Bunch,https://www.woolworths.com.au/shop/productdetails/137091/woolworths-fresh-herb-coriander,https://www.woolworths.com.au/content/promotiontags/supporting-aus-grown-roundel-200x200.png,https://assets.woolworths.com.au/images/1005/137091.jpg?impolicy=wowsmkqiema&w=260&h=260,$3.20,$3.20 / 1EA,4.5,208, Add to cart , Save to list 
Sumo Citrus Each,https://www.woolworths.com.au/shop/productdetails/384383/sumo-citrus,,https://assets.woolworths.com.au/images/1005/384383.jpg?impolicy=wowsmkqiema&w=260&h=260,,,,,, Save to list 
Aussie Sprouts Sprouts Crunch Combo 200g Punnet,https://www.woolworths.com.au/shop/productdetails/114177/aussie-sprouts-sprouts-crunch-combo,https://www.woolworths.com.au/content/promotiontags/supporting-aus-grown-roundel-200x200.png,https://assets.woolworths.com.au/images/1005/114177.jpg?impolicy=wowsmkqiema&w=260&h=260,$2.40,$12.00 / 1KG,,, Add to cart , Save to list 
Woolworths Beetroot & Feta Salad Bowl 200g,https://www.woolworths.com.au/shop/productdetails/164620/woolworths-beetroot-feta-salad-bowl,,https://assets.woolworths.com.au/images/1005/164620.jpg?impolicy=wowsmkqiema&w=260&h=260,$6.50,$32.50 / 1KG,4.2,520, Add to cart , Save to list 
Grapes Red Seedless Each,https://www.woolworths.com.au/shop/productdetails/405838/grapes-red-seedless,https://www.woolworths.com.au/content/promotiontags/roundel-fresh-special-2019-200x200-1.png,https://assets.woolworths.com.au/images/1005/405838.jpg?impolicy=wowsmkqiema&w=260&h=260,$5.61,$5.61 / 1EA,,, Add to cart , Save to list 
Woolworths Asian Salad Bowl 230g,https://www.woolworths.com.au/shop/productdetails/164644/woolworths-asian-salad-bowl,,https://assets.woolworths.com.au/images/1005/164644.jpg?impolicy=wowsmkqiema&w=260&h=260,$5.50,$23.91 / 1KG,4.2,702, Add to cart , Save to list 
Woolworths Mixed Vegetables Soup Starter With Celery 1kg Punnet,https://www.woolworths.com.au/shop/productdetails/120230/woolworths-mixed-vegetables-soup-starter-with-celery,,https://assets.woolworths.com.au/images/1005/120230.jpg?impolicy=wowsmkqiema&w=260&h=260,,,,,, Save to list 
Woolworths Asian Salad Kit Tub 250g,https://www.woolworths.com.au/shop/productdetails/338087/woolworths-asian-salad-kit-tub,,https://assets.woolworths.com.au/images/1005/338087.jpg?impolicy=wowsmkqiema&w=260&h=260,$6.50,$26.00 / 1KG,4.3,228, Add to cart , Save to list 
Beetroot Loose Each,https://www.woolworths.com.au/shop/productdetails/185267/beetroot-loose,https://www.woolworths.com.au/content/promotiontags/supporting-aus-grown-roundel-200x200.png,https://assets.woolworths.com.au/images/1005/185267.jpg?impolicy=wowsmkqiema&w=260&h=260,$1.95,$1.95 / 1EA,4.5,133, Add to cart , Save to list 
Just Veg. Carrot Shred 300g,https://www.woolworths.com.au/shop/productdetails/921142/just-veg-carrot-shred,,https://assets.woolworths.com.au/images/1005/921142.jpg?impolicy=wowsmkqiema&w=260&h=260,,,,,, Save to list 
Perfection Kumato Grape Tomato 200g Punnet,https://www.woolworths.com.au/shop/productdetails/315645/perfection-kumato-grape-tomato,https://www.woolworths.com.au/content/promotiontags/supporting-aus-grown-roundel-200x200.png,https://assets.woolworths.com.au/images/1005/315645.jpg?impolicy=wowsmkqiema&w=260&h=260,$4.00,$20.00 / 1KG,,, Add to cart , Save to list 
Woolworths Green Basil Bunch,https://www.woolworths.com.au/shop/productdetails/133621/woolworths-green-basil,https://www.woolworths.com.au/content/promotiontags/supporting-aus-grown-roundel-200x200.png,https://assets.woolworths.com.au/images/1005/133621.jpg?impolicy=wowsmkqiema&w=260&h=260,$3.20,$3.20 / 1EA,4.3,162, Add to cart , Save to list 
Woolworths Lemon Thyme Fresh Herb Punnet 10g,https://www.woolworths.com.au/shop/productdetails/707366/woolworths-lemon-thyme-fresh-herb-punnet,,https://assets.woolworths.com.au/images/1005/707366.jpg?impolicy=wowsmkqiema&w=260&h=260,,,,,, Save to list 
Woolworths Fresh Food Kids Mini Apples 5 Pack,https://www.woolworths.com.au/shop/productdetails/588064/woolworths-fresh-food-kids-mini-apples,,https://assets.woolworths.com.au/images/1005/588064.jpg?impolicy=wowsmkqiema&w=260&h=260,$3.50,$0.70 / 1EA,4.4,602, Add to cart , Save to list 
Blackberry Fresh 125g,https://www.woolworths.com.au/shop/productdetails/296813/driscoll-s-blackberry-fresh,https://www.woolworths.com.au/content/promotiontags/roundel-fresh-special-2019-200x200-1.png,https://assets.woolworths.com.au/images/1005/296813.jpg?impolicy=wowsmkqiema&w=260&h=260,$5.00,$40.00 / 1KG,,, Add to cart , Save to list 
Pumpkin Kent Each,https://www.woolworths.com.au/shop/productdetails/120037/pumpkin-kent,https://www.woolworths.com.au/content/promotiontags/supporting-aus-grown-roundel-200x200.png,https://assets.woolworths.com.au/images/1005/120037.jpg?impolicy=wowsmkqiema&w=260&h=260,$10.50,$10.50 / 1EA,,, Add to cart , Save to list 
Zerella Fresh Zerella Fresh Spudlite Baby Potato Pack Bag 750g,https://www.woolworths.com.au/shop/productdetails/459369/zerella-fresh-spudlite-baby-potato-pack-bag,https://www.woolworths.com.au/content/promotiontags/supporting-aus-grown-roundel-200x200.png,https://assets.woolworths.com.au/images/1005/459369.jpg?impolicy=wowsmkqiema&w=260&h=260,$3.00,$4.00 / 1KG,,, Add to cart , Save to list 
Pineapple Naturally Sweet Whole Each,https://www.woolworths.com.au/shop/productdetails/137534/pineapple-naturally-sweet,https://www.woolworths.com.au/content/promotiontags/supporting-aus-grown-roundel-200x200.png,https://assets.woolworths.com.au/images/1005/137534.jpg?impolicy=wowsmkqiema&w=260&h=260,$4.50,$4.50 / 1EA,,, Add to cart , Save to list 
Parsnip Fresh Each,https://www.woolworths.com.au/shop/productdetails/144793/parsnip-fresh,https://www.woolworths.com.au/content/promotiontags/supporting-aus-grown-roundel-200x200.png,https://assets.woolworths.com.au/images/1005/144793.jpg?impolicy=wowsmkqiema&w=260&h=260,$1.68,$1.68 / 1EA,,, Add to cart , Save to list 
Woolworths Slaw Smokey Bbq Slaw 450g,https://www.woolworths.com.au/shop/productdetails/210690/woolworths-slaw-smokey-bbq-slaw,,https://assets.woolworths.com.au/images/1005/210690.jpg?impolicy=wowsmkqiema&w=260&h=260,$4.50,$10.00 / 1KG,,, Add to cart , Save to list 
Naturally Sweet Pineapple Half Each,https://www.woolworths.com.au/shop/productdetails/143179/woolworths-naturally-sweet-pineapple,https://www.woolworths.com.au/content/promotiontags/supporting-aus-grown-roundel-200x200.png,https://assets.woolworths.com.au/images/1005/143179.jpg?impolicy=wowsmkqiema&w=260&h=260,$1.95,$1.95 / 1EA,,, Add to cart , Save to list 
Woolworths Mushroom Sliced 500g,https://www.woolworths.com.au/shop/productdetails/89466/woolworths-mushroom-sliced,https://www.woolworths.com.au/content/promotiontags/roundel-fresh-special-2019-200x200-1.png,https://assets.woolworths.com.au/images/1005/89466.jpg?impolicy=wowsmkqiema&w=260&h=260,$7.00,$14.00 / 1KG,4.7,206, Add to cart , Save to list 
Orange Navel Each,https://www.woolworths.com.au/shop/productdetails/259450/orange-navel,,https://assets.woolworths.com.au/images/1005/259450.jpg?impolicy=wowsmkqiema&w=260&h=260,,,,,, Save to list 
Banana Red Tipped Each,https://www.woolworths.com.au/shop/productdetails/180148/banana-red-tipped,https://www.woolworths.com.au/content/promotiontags/supporting-aus-grown-roundel-200x200.png,https://assets.woolworths.com.au/images/1005/180148.jpg?impolicy=wowsmkqiema&w=260&h=260,$0.90,$0.90 / 1EA,,, Add to cart , Save to list 
Woolworths Lebanese Cucumber 500g Pack,https://www.woolworths.com.au/shop/productdetails/839573/woolworths-lebanese-cucumber,https://www.woolworths.com.au/content/promotiontags/supporting-aus-grown-roundel-200x200.png,https://assets.woolworths.com.au/images/1005/839573.jpg?impolicy=wowsmkqiema&w=260&h=260,$3.90,$7.80 / 1KG,4.4,440, Add to cart , Save to list 
Woolworths Caesar Salad Bowl 200g,https://www.woolworths.com.au/shop/productdetails/164642/woolworths-caesar-salad-bowl,,https://assets.woolworths.com.au/images/1005/164642.jpg?impolicy=wowsmkqiema&w=260&h=260,$5.50,$27.50 / 1KG,4.0,511, Add to cart , Save to list 
Woolworths Fresh Mint Bunch,https://www.woolworths.com.au/shop/productdetails/142948/woolworths-fresh-mint,https://www.woolworths.com.au/content/promotiontags/supporting-aus-grown-roundel-200x200.png,https://assets.woolworths.com.au/images/1005/142948.jpg?impolicy=wowsmkqiema&w=260&h=260,$3.20,$3.20 / 1EA,,, Add to cart , Save to list 
Kale Fresh Bunch,https://www.woolworths.com.au/shop/productdetails/380338/kale-fresh,https://www.woolworths.com.au/content/promotiontags/supporting-aus-grown-roundel-200x200.png,https://assets.woolworths.com.au/images/1005/380338.jpg?impolicy=wowsmkqiema&w=260&h=260,$4.90,$4.90 / 1EA,4.2,487, Add to cart , Save to list 
Woolworths Lettuce Oakleaf Green Each,https://www.woolworths.com.au/shop/productdetails/119808/woolworths-lettuce-oakleaf-green,https://www.woolworths.com.au/content/promotiontags/supporting-aus-grown-roundel-200x200.png,https://assets.woolworths.com.au/images/1005/119808.jpg?impolicy=wowsmkqiema&w=260&h=260,$3.00,,4.5,490, Add to cart , Save to list 
The Odd Bunch Apples Prepacked Punnet 1kg,https://www.woolworths.com.au/shop/productdetails/800763/the-odd-bunch-apples-prepacked-punnet,https://www.woolworths.com.au/content/promotiontags/odd-bunch_200x200.png,https://assets.woolworths.com.au/images/1005/800763.jpg?impolicy=wowsmkqiema&w=260&h=260,$2.80,$2.80 / 1KG,4.5,259, Add to cart , Save to list 
The Odd Bunch Capsicum Prepacked 1kg,https://www.woolworths.com.au/shop/productdetails/825870/the-odd-bunch-capsicum-prepacked,https://www.woolworths.com.au/content/promotiontags/supporting-aus-grown-roundel-200x200.png,https://assets.woolworths.com.au/images/1005/825870.jpg?impolicy=wowsmkqiema&w=260&h=260,$7.00,$7.00 / 1KG,4.5,287, Add to cart , Save to list 
Woolworths Beanette Pre Pack 400g Punnet,https://www.woolworths.com.au/shop/productdetails/105925/woolworths-beanette-pre-pack,https://www.woolworths.com.au/content/promotiontags/roundel-fresh-special-2019-200x200-1.png,https://assets.woolworths.com.au/images/1005/105925.jpg?impolicy=wowsmkqiema&w=260&h=260,$3.50,$8.75 / 1KG,4.5,350, Add to cart , Save to list 
Select Lettuce Oakleaf Combo Each,https://www.woolworths.com.au/shop/productdetails/721337/select-lettuce-oakleaf-combo,https://www.woolworths.com.au/content/promotiontags/supporting-aus-grown-roundel-200x200.png,https://assets.woolworths.com.au/images/1005/721337.jpg?impolicy=wowsmkqiema&w=260&h=260,$3.00,$3.00 / 1EA,4.1,20, Add to cart , Save to list 
Woolworths Garden Salad Bowl 180g,https://www.woolworths.com.au/shop/productdetails/164646/woolworths-garden-salad-bowl,,https://assets.woolworths.com.au/images/1005/164646.jpg?impolicy=wowsmkqiema&w=260&h=260,$5.50,$30.56 / 1KG,3.5,708, Add to cart , Save to list 
Capsicum Yellow Each,https://www.woolworths.com.au/shop/productdetails/135324/capsicum-yellow,https://www.woolworths.com.au/content/promotiontags/supporting-aus-grown-roundel-200x200.png,https://assets.woolworths.com.au/images/1005/135324.jpg?impolicy=wowsmkqiema&w=260&h=260,$3.23,$3.23 / 1EA,,, Add to cart , Save to list 
Woolworths Korean Style Salad Kit 400g,https://www.woolworths.com.au/shop/productdetails/703827/woolworths-korean-style-salad-kit,,https://assets.woolworths.com.au/images/1005/703827.jpg?impolicy=wowsmkqiema&w=260&h=260,$5.50,$13.75 / 1KG,4.3,854, Add to cart , Save to list 
Woolworths Mexican Style Salad Bowl 220g,https://www.woolworths.com.au/shop/productdetails/164645/woolworths-mexican-style-salad-bowl,,https://assets.woolworths.com.au/images/1005/164645.jpg?impolicy=wowsmkqiema&w=260&h=260,$5.50,$25.00 / 1KG,4.0,576, Add to cart , Save to list 
Perfection Chinese Wombok Baby Whole Each,https://www.woolworths.com.au/shop/productdetails/179004/perfection-chinese-wombok-baby,https://www.woolworths.com.au/content/promotiontags/supporting-aus-grown-roundel-200x200.png,https://assets.woolworths.com.au/images/1005/179004.jpg?impolicy=wowsmkqiema&w=260&h=260,$3.90,,4.3,179, Add to cart , Save to list 
Woolworths Brushed Potatoes Bag 2kg,https://www.woolworths.com.au/shop/productdetails/244637/woolworths-brushed-potatoes-bag,https://www.woolworths.com.au/content/promotiontags/supporting-aus-grown-roundel-200x200.png,https://assets.woolworths.com.au/images/1005/244637.jpg?impolicy=wowsmkqiema&w=260&h=260,$5.50,$2.75 / 1KG,4.5,510, Add to cart , Save to list 
Macro Onion Spring Organic Each,https://www.woolworths.com.au/shop/productdetails/122674/macro-onion-spring-organic,https://www.woolworths.com.au/content/promotiontags/roundel-fresh-special-2019-200x200-1.png,https://assets.woolworths.com.au/images/1005/122674.jpg?impolicy=wowsmkqiema&w=260&h=260,$5.00,$5.00 / 1EA,,, Add to cart , Save to list 
Woolworths Asparagus Green Bunch Each,https://www.woolworths.com.au/shop/productdetails/132538/woolworths-asparagus-green-bunch,,https://assets.woolworths.com.au/images/1005/132538.jpg?impolicy=wowsmkqiema&w=260&h=260,,,,,, Save to list 
Fresh Beurre Bosc Pear Each,https://www.woolworths.com.au/shop/productdetails/145111/fresh-beurre-bosc-pear,https://www.woolworths.com.au/content/promotiontags/supporting-aus-grown-roundel-200x200.png,https://assets.woolworths.com.au/images/1005/145111.jpg?impolicy=wowsmkqiema&w=260&h=260,$0.81,$0.81 / 1EA,,, Add to cart , Save to list 
Woolworths Corn Cobbettes 425g,https://www.woolworths.com.au/shop/productdetails/307315/woolworths-corn-cobbettes,https://www.woolworths.com.au/content/promotiontags/supporting-aus-grown-roundel-200x200.png,https://assets.woolworths.com.au/images/1005/307315.jpg?impolicy=wowsmkqiema&w=260&h=260,$5.90,$13.88 / 1KG,4.6,636, Add to cart , Save to list 
Woolworths Beetroot Fresh Beetroot 250g,https://www.woolworths.com.au/shop/productdetails/780371/woolworths-beetroot-fresh-beetroot,https://www.woolworths.com.au/content/promotiontags/supporting-aus-grown-roundel-200x200.png,https://assets.woolworths.com.au/images/1005/780371.jpg?impolicy=wowsmkqiema&w=260&h=260,$3.00,$12.00 / 1KG,4.1,770, Add to cart , Save to list 
Woolworths Cranberry & Kaleslaw Kit 350g,https://www.woolworths.com.au/shop/productdetails/210687/woolworths-cranberry-kaleslaw-kit,,https://assets.woolworths.com.au/images/1005/210687.jpg?impolicy=wowsmkqiema&w=260&h=260,$5.50,,,, Add to cart , Save to list 
Woolworths Cook Stir Fry Mix Rainbow Vegetables 400g,https://www.woolworths.com.au/shop/productdetails/185251/woolworths-cook-stir-fry-mix-rainbow-vegetables,,https://assets.woolworths.com.au/images/1005/185251.jpg?impolicy=wowsmkqiema&w=260&h=260,$3.00,$7.50 / 1KG,4.3,541, Add to cart , Save to list 
Woolworths Cook Roast Mixed Vegetables Mediterranean Style 350g,https://www.woolworths.com.au/shop/productdetails/79985/woolworths-cook-roast-mixed-vegetables-mediterranean-style,,https://assets.woolworths.com.au/images/1005/79985.jpg?impolicy=wowsmkqiema&w=260&h=260,$5.00,$14.29 / 1KG,3.7,545, Add to cart , Save to list 
Snow Peas 1kg,https://www.woolworths.com.au/shop/productdetails/145843/snow-peas,,https://assets.woolworths.com.au/images/1005/145843.jpg?impolicy=wowsmkqiema&w=260&h=260,$24.00,$24.00 / 1KG,,, Add to cart , Save to list 
Mushrooms Flat Large Min. 350g,https://www.woolworths.com.au/shop/productdetails/145028/mushrooms-flat-large,https://www.woolworths.com.au/content/promotiontags/supporting-aus-grown-roundel-200x200.png,https://assets.woolworths.com.au/images/1005/145028.jpg?impolicy=wowsmkqiema&w=260&h=260,$13.50,$13.50 / 1KG,,, Add to cart , Save to list 
Calypso Mango Each,https://www.woolworths.com.au/shop/productdetails/143679/calypso-mango,,https://assets.woolworths.com.au/images/1005/143679.jpg?impolicy=wowsmkqiema&w=260&h=260,,,4.7,280,, Save to list 
Macro Organic Coleslaw & Kale Slaw Kit 250g,https://www.woolworths.com.au/shop/productdetails/651491/macro-organic-coleslaw-kale-slaw-kit,,https://assets.woolworths.com.au/images/1005/651491.jpg?impolicy=wowsmkqiema&w=260&h=260,$5.50,$22.00 / 1KG,4.1,487, Add to cart , Save to list 
Woolworths Potato Mini Microwavable White Bag 500g,https://www.woolworths.com.au/shop/productdetails/757488/woolworths-potato-mini-microwavable-white-bag,https://www.woolworths.com.au/content/promotiontags/supporting-aus-grown-roundel-200x200.png,https://assets.woolworths.com.au/images/1005/757488.jpg?impolicy=wowsmkqiema&w=260&h=260,$2.50,$5.00 / 1KG,4.6,118, Add to cart , Save to list 
Mulgowie Green Beans Cleaned & Cut 340g,https://www.woolworths.com.au/shop/productdetails/730118/mulgowie-green-beans-cleaned-cut,https://www.woolworths.com.au/content/promotiontags/supporting-aus-grown-roundel-200x200.png,https://assets.woolworths.com.au/images/1005/730118.jpg?impolicy=wowsmkqiema&w=260&h=260,$5.00,$14.71 / 1KG,,, Add to cart , Save to list 
Snackable Snacking Carrot Each,https://www.woolworths.com.au/shop/productdetails/85794/snackable-snacking-carrot,https://www.woolworths.com.au/content/promotiontags/supporting-aus-grown-roundel-200x200.png,https://assets.woolworths.com.au/images/1005/85794.jpg?impolicy=wowsmkqiema&w=260&h=260,$3.90,$15.60 / 1KG,4.0,454, Add to cart , Save to list 
Woolworths 3 Colour Traffic Light Capsicums 3 Pack,https://www.woolworths.com.au/shop/productdetails/135947/woolworths-3-colour-traffic-light-capsicums,https://www.woolworths.com.au/content/promotiontags/supporting-aus-grown-roundel-200x200.png,https://assets.woolworths.com.au/images/1005/135947.jpg?impolicy=wowsmkqiema&w=260&h=260,$8.90,$2.97 / 1EA,4.5,97, Add to cart , Save to list 
Woolworths Brussel Sprouts Prepack 500g Punnet,https://www.woolworths.com.au/shop/productdetails/134784/woolworths-brussel-sprouts-prepack,https://www.woolworths.com.au/content/promotiontags/supporting-aus-grown-roundel-200x200.png,https://assets.woolworths.com.au/images/1005/134784.jpg?impolicy=wowsmkqiema&w=260&h=260,$7.90,$15.80 / 1KG,,, Add to cart , Save to list 
Pumpkin Jarrahdale Grey Cut Each,https://www.woolworths.com.au/shop/productdetails/147199/pumpkin-jarrahdale-grey-cut,https://www.woolworths.com.au/content/promotiontags/supporting-aus-grown-roundel-200x200.png,https://assets.woolworths.com.au/images/1005/147199.jpg?impolicy=wowsmkqiema&w=260&h=260,$3.50,$3.50 / 1EA,,, Add to cart , Save to list 
Macro Organic Carrots 750g,https://www.woolworths.com.au/shop/productdetails/117381/macro-organic-carrots,https://www.woolworths.com.au/content/promotiontags/supporting-aus-grown-roundel-200x200.png,https://assets.woolworths.com.au/images/1005/117381.jpg?impolicy=wowsmkqiema&w=260&h=260,$4.50,$6.00 / 1KG,4.1,687, Add to cart , Save to list 
Woolworths Baby Red Washed Potato 1kg Bag,https://www.woolworths.com.au/shop/productdetails/385086/woolworths-baby-red-washed-potato,https://www.woolworths.com.au/content/promotiontags/supporting-aus-grown-roundel-200x200.png,https://assets.woolworths.com.au/images/1005/385086.jpg?impolicy=wowsmkqiema&w=260&h=260,$3.80,$3.80 / 1KG,4.7,391, Add to cart , Save to list 
Woolworths Orange Navel 5 Pack,https://www.woolworths.com.au/shop/productdetails/428898/woolworths-orange-navel,,https://assets.woolworths.com.au/images/1005/428898.jpg?impolicy=wowsmkqiema&w=260&h=260,,,,,, Save to list 
Fresh Fennel Each,https://www.woolworths.com.au/shop/productdetails/137605/fresh-fennel,https://www.woolworths.com.au/content/promotiontags/supporting-aus-grown-roundel-200x200.png,https://assets.woolworths.com.au/images/1005/137605.jpg?impolicy=wowsmkqiema&w=260&h=260,$3.50,$3.50 / 1EA,4.1,202, Add to cart , Save to list 
Select Choy Sum Asian Greens Each,https://www.woolworths.com.au/shop/productdetails/136979/select-choy-sum-asian-greens,https://www.woolworths.com.au/content/promotiontags/supporting-aus-grown-roundel-200x200.png,https://assets.woolworths.com.au/images/1005/136979.jpg?impolicy=wowsmkqiema&w=260&h=260,$2.50,$2.50 / 1EA,4.2,212, Add to cart , Save to list 
Passionfruit Fresh Each,https://www.woolworths.com.au/shop/productdetails/144795/passionfruit-fresh,https://www.woolworths.com.au/content/promotiontags/supporting-aus-grown-roundel-200x200.png,https://assets.woolworths.com.au/images/1005/144795.jpg?impolicy=wowsmkqiema&w=260&h=260,$1.50,$1.50 / 1EA,,, Add to cart , Save to list 
Woolworths Organic Tomato Truss 500g,https://www.woolworths.com.au/shop/productdetails/808412/woolworths-organic-tomato-truss,,https://assets.woolworths.com.au/images/1005/808412.jpg?impolicy=wowsmkqiema&w=260&h=260,,,4.2,480,, Save to list 
Select Mushrooms Cups Sliced 400g Bag,https://www.woolworths.com.au/shop/productdetails/384099/select-mushrooms-cups-sliced,https://www.woolworths.com.au/content/promotiontags/roundel-fresh-special-2019-200x200-1.png,https://assets.woolworths.com.au/images/1005/384099.jpg?impolicy=wowsmkqiema&w=260&h=260,$5.00,$12.50 / 1KG,4.5,495, Add to cart , Save to list 
The Odd Bunch Lime Prepacked 500g,https://www.woolworths.com.au/shop/productdetails/830354/the-odd-bunch-lime-prepacked,https://www.woolworths.com.au/content/promotiontags/supporting-aus-grown-roundel-200x200.png,https://assets.woolworths.com.au/images/1005/830354.jpg?impolicy=wowsmkqiema&w=260&h=260,$5.90,$11.80 / 1KG,4.7,323, Add to cart , Save to list 
Woolworths Cook Simmer Veggie Mix 400g,https://www.woolworths.com.au/shop/productdetails/218235/woolworths-cook-simmer-veggie-mix,https://www.woolworths.com.au/content/promotiontags/supporting-aus-grown-roundel-200x200.png,https://assets.woolworths.com.au/images/1005/218235.jpg?impolicy=wowsmkqiema&w=260&h=260,$4.00,$10.00 / 1KG,4.3,392, Add to cart , Save to list 
Cabbage Red Half Each,https://www.woolworths.com.au/shop/productdetails/134986/cabbage-red,https://www.woolworths.com.au/content/promotiontags/supporting-aus-grown-roundel-200x200.png,https://assets.woolworths.com.au/images/1005/134986.jpg?impolicy=wowsmkqiema&w=260&h=260,$3.95,,,, Add to cart , Save to list 
Zespri Sungold Kiwifruit Each,https://www.woolworths.com.au/shop/productdetails/267084/woolworths-sungold-kiwifruit-gold,,https://assets.woolworths.com.au/images/1005/267084.jpg?impolicy=wowsmkqiema&w=260&h=260,,,,,, Save to list 
Potato Sweet Purple Each,https://www.woolworths.com.au/shop/productdetails/186285/potato-sweet-purple,https://www.woolworths.com.au/content/promotiontags/supporting-aus-grown-roundel-200x200.png,https://assets.woolworths.com.au/images/1005/186285.jpg?impolicy=wowsmkqiema&w=260&h=260,$3.11,$3.11 / 1EA,,, Add to cart , Save to list 
Woolworths Swiss Brown Mushrooms Punnet 200g,https://www.woolworths.com.au/shop/productdetails/149930/woolworths-swiss-brown-mushrooms-punnet,https://www.woolworths.com.au/content/promotiontags/supporting-aus-grown-roundel-200x200.png,https://assets.woolworths.com.au/images/1005/149930.jpg?impolicy=wowsmkqiema&w=260&h=260,$5.50,$27.50 / 1KG,4.7,516, Add to cart , Save to list 
Garlic 3 Pack,https://www.woolworths.com.au/shop/productdetails/120847/garlic,,https://assets.woolworths.com.au/images/1005/120847.jpg?impolicy=wowsmkqiema&w=260&h=260,$3.30,$1.10 / 1EA,,, Add to cart , Save to list 
Woolworths Mexican Style Salad Kit 340g,https://www.woolworths.com.au/shop/productdetails/210689/woolworths-mexican-style-salad-kit,,https://assets.woolworths.com.au/images/1005/210689.jpg?impolicy=wowsmkqiema&w=260&h=260,$5.50,,,, Add to cart , Save to list 
Woolworths Washed & Ready To Cook Vegetable Medley 150g,https://www.woolworths.com.au/shop/productdetails/158940/woolworths-washed-ready-to-cook-vegetable-medley,,https://assets.woolworths.com.au/images/1005/158940.jpg?impolicy=wowsmkqiema&w=260&h=260,$2.30,$15.33 / 1KG,3.6,838, Add to cart , Save to list 
Select Lettuce Baby Cos Each,https://www.woolworths.com.au/shop/productdetails/190092/select-lettuce-baby-cos,https://www.woolworths.com.au/content/promotiontags/supporting-aus-grown-roundel-200x200.png,https://assets.woolworths.com.au/images/1005/190092.jpg?impolicy=wowsmkqiema&w=260&h=260,$3.00,$3.00 / 1EA,4.6,181, Add to cart , Save to list 
Woolworths Little Gem Lettuce Green 2 Pack,https://www.woolworths.com.au/shop/productdetails/823690/woolworths-little-gem-lettuce-green,https://www.woolworths.com.au/content/promotiontags/supporting-aus-grown-roundel-200x200.png,https://assets.woolworths.com.au/images/1005/823690.jpg?impolicy=wowsmkqiema&w=260&h=260,$3.90,$3.90 / 1EA,,, Add to cart , Save to list 
Mi Apple Loose Each,https://www.woolworths.com.au/shop/productdetails/578168/mi-apple-loose,https://www.woolworths.com.au/content/promotiontags/supporting-aus-grown-roundel-200x200.png,https://assets.woolworths.com.au/images/1005/578168.jpg?impolicy=wowsmkqiema&w=260&h=260,$1.03,$1.03 / 1EA,,, Add to cart , Save to list 
Woolworths Fresh Parsley Bunch,https://www.woolworths.com.au/shop/productdetails/144784/woolworths-fresh-parsley,https://www.woolworths.com.au/content/promotiontags/supporting-aus-grown-roundel-200x200.png,https://assets.woolworths.com.au/images/1005/144784.jpg?impolicy=wowsmkqiema&w=260&h=260,$3.20,$3.20 / 1EA,4.6,193, Add to cart , Save to list 
Woolworths Caesar Salad Kit Entertainer Pack 500g,https://www.woolworths.com.au/shop/productdetails/210691/woolworths-caesar-salad-kit-entertainer-pack,,https://assets.woolworths.com.au/images/1005/210691.jpg?impolicy=wowsmkqiema&w=260&h=260,$7.00,$14.00 / 1KG,,, Add to cart , Save to list 
Woolworths Portobello Flat Mushrooms Punnet 375g,https://www.woolworths.com.au/shop/productdetails/215609/woolworths-portobello-flat-mushrooms-punnet,https://www.woolworths.com.au/content/promotiontags/supporting-aus-grown-roundel-200x200.png,https://assets.woolworths.com.au/images/1005/215609.jpg?impolicy=wowsmkqiema&w=260&h=260,$7.50,$20.00 / 1KG,4.8,516, Add to cart , Save to list 
Woolworths Diced Pumpkin & Sweet Potato 500g,https://www.woolworths.com.au/shop/productdetails/30758/woolworths-diced-pumpkin-sweet-potato,https://www.woolworths.com.au/content/promotiontags/supporting-aus-grown-roundel-200x200.png,https://assets.woolworths.com.au/images/1005/30758.jpg?impolicy=wowsmkqiema&w=260&h=260,$5.50,$11.00 / 1KG,3.8,174, Add to cart , Save to list 
Woolworths Four Seasons Coleslaw Coleslaw 400g,https://www.woolworths.com.au/shop/productdetails/233567/woolworths-four-seasons-coleslaw-coleslaw,,https://assets.woolworths.com.au/images/1005/233567.jpg?impolicy=wowsmkqiema&w=260&h=260,$4.50,$11.25 / 1KG,4.1,769, Add to cart , Save to list 
Lemon 500g Per Pack,https://www.woolworths.com.au/shop/productdetails/693501/lemon-lemon,,https://assets.woolworths.com.au/images/1005/693501.jpg?impolicy=wowsmkqiema&w=260&h=260,$4.50,$9.00 / 1KG,,, Add to cart , Save to list 
Woolworths Brussels Sprouts Per Kg,https://www.woolworths.com.au/shop/productdetails/134782/woolworths-brussels-sprouts,,https://assets.woolworths.com.au/images/1005/134782.jpg?impolicy=wowsmkqiema&w=260&h=260,$18.90,$18.90 / 1KG,4.4,307, Add to cart , Save to list 
Woolworths Sweet & Juicy Mandarins 750g Prepack,https://www.woolworths.com.au/shop/productdetails/591940/woolworths-sweet-juicy-mandarins,,https://assets.woolworths.com.au/images/1005/591940.jpg?impolicy=wowsmkqiema&w=260&h=260,,,,,, Save to list 
Honeydew Large Half Each,https://www.woolworths.com.au/shop/productdetails/113616/honeydew-large,https://www.woolworths.com.au/content/promotiontags/supporting-aus-grown-roundel-200x200.png,https://assets.woolworths.com.au/images/1005/113616.jpg?impolicy=wowsmkqiema&w=260&h=260,$2.95,$2.95 / 1EA,,, Add to cart , Save to list 
Woolworths Washed & Ready To Cook Pumpkin Cubes 500g,https://www.woolworths.com.au/shop/productdetails/159072/woolworths-washed-ready-to-cook-pumpkin-cubes,,https://assets.woolworths.com.au/images/1005/159072.jpg?impolicy=wowsmkqiema&w=260&h=260,$5.50,$11.00 / 1KG,3.5,595, Add to cart , Save to list 
Cabbage Green Whole Each,https://www.woolworths.com.au/shop/productdetails/134923/cabbage-green,https://www.woolworths.com.au/content/promotiontags/supporting-aus-grown-roundel-200x200.png,https://assets.woolworths.com.au/images/1005/134923.jpg?impolicy=wowsmkqiema&w=260&h=260,$7.90,$7.90 / 1EA,4.8,168, Add to cart , Save to list 
Cabbage Savoy Half Each,https://www.woolworths.com.au/shop/productdetails/135030/cabbage-savoy,https://www.woolworths.com.au/content/promotiontags/supporting-aus-grown-roundel-200x200.png,https://assets.woolworths.com.au/images/1005/135030.jpg?impolicy=wowsmkqiema&w=260&h=260,$3.95,,,, Add to cart , Save to list 
Woolworths Beetroot Fresh Beetroot 500g,https://www.woolworths.com.au/shop/productdetails/780372/woolworths-beetroot-fresh-beetroot,https://www.woolworths.com.au/content/promotiontags/supporting-aus-grown-roundel-200x200.png,https://assets.woolworths.com.au/images/1005/780372.jpg?impolicy=wowsmkqiema&w=260&h=260,$5.00,$10.00 / 1KG,4.2,311, Add to cart , Save to list 
Macro Certified Organic Salad Mix 100g,https://www.woolworths.com.au/shop/productdetails/717238/macro-certified-organic-salad-mix,,https://assets.woolworths.com.au/images/1005/717238.jpg?impolicy=wowsmkqiema&w=260&h=260,,,,,, Save to list 
Woolworths Lettuce Gourmet Leaf Mix 170g,https://www.woolworths.com.au/shop/productdetails/210688/woolworths-lettuce-gourmet-leaf-mix,,https://assets.woolworths.com.au/images/1005/210688.jpg?impolicy=wowsmkqiema&w=260&h=260,$4.50,$26.47 / 1KG,,, Add to cart , Save to list 
Woolworths Chives Fresh Herb 10g Punnet,https://www.woolworths.com.au/shop/productdetails/707374/woolworths-chives-fresh-herb,https://www.woolworths.com.au/content/promotiontags/supporting-aus-grown-roundel-200x200.png,https://assets.woolworths.com.au/images/1005/707374.jpg?impolicy=wowsmkqiema&w=260&h=260,$3.20,$3.20 / 10G,4.3,468, Add to cart , Save to list 
Gourmet Garden Paste Thai 80g Tube,https://www.woolworths.com.au/shop/productdetails/325130/gourmet-garden-paste-thai,,https://assets.woolworths.com.au/images/1005/325130.jpg?impolicy=wowsmkqiema&w=260&h=260,$4.00,$5.00 / 100G,,, Add to cart , Save to list 
Woolworths Dill Fresh Herb 15g,https://www.woolworths.com.au/shop/productdetails/707365/woolworths-dill-fresh-herb,https://www.woolworths.com.au/content/promotiontags/supporting-aus-grown-roundel-200x200.png,https://assets.woolworths.com.au/images/1005/707365.jpg?impolicy=wowsmkqiema&w=260&h=260,$3.20,$2.13 / 10G,4.4,432, Add to cart , Save to list 
Chilli Green Each,https://www.woolworths.com.au/shop/productdetails/106542/chilli-green,https://www.woolworths.com.au/content/promotiontags/supporting-aus-grown-roundel-200x200.png,https://assets.woolworths.com.au/images/1005/106542.jpg?impolicy=wowsmkqiema&w=260&h=260,$0.66,$0.66 / 1EA,,, Add to cart , Save to list 
Woolworths Washed & Ready To Cook Diced Pumpkin 750g,https://www.woolworths.com.au/shop/productdetails/159073/woolworths-washed-ready-to-cook-diced-pumpkin,,https://assets.woolworths.com.au/images/1005/159073.jpg?impolicy=wowsmkqiema&w=260&h=260,$7.00,$9.33 / 1KG,4.0,413, Add to cart , Save to list 
Woolworths Green Basil Fresh Herb 15g Punnet,https://www.woolworths.com.au/shop/productdetails/707364/woolworths-green-basil-fresh-herb,https://www.woolworths.com.au/content/promotiontags/supporting-aus-grown-roundel-200x200.png,https://assets.woolworths.com.au/images/1005/707364.jpg?impolicy=wowsmkqiema&w=260&h=260,$3.20,$2.13 / 10G,3.9,529, Add to cart , Save to list 
Woolworths Little Gem Lettuce Combo 2 Pack,https://www.woolworths.com.au/shop/productdetails/823691/woolworths-little-gem-lettuce-combo,https://www.woolworths.com.au/content/promotiontags/supporting-aus-grown-roundel-200x200.png,https://assets.woolworths.com.au/images/1005/823691.jpg?impolicy=wowsmkqiema&w=260&h=260,$3.90,,4.6,11, Add to cart , Save to list 
Woolworths Mushrooms Swiss Brown Sliced 200g Punnet,https://www.woolworths.com.au/shop/productdetails/381241/woolworths-mushrooms-swiss-brown-sliced,,https://assets.woolworths.com.au/images/1005/381241.jpg?impolicy=wowsmkqiema&w=260&h=260,$5.50,$27.50 / 1KG,4.6,469, Add to cart , Save to list 
The Odd Bunch Crazy Carrots 5kg,https://www.woolworths.com.au/shop/productdetails/139330/the-odd-bunch-crazy-carrots,,https://assets.woolworths.com.au/images/1005/139330.jpg?impolicy=wowsmkqiema&w=260&h=260,,,4.7,124,, Save to list 
Chilli Jalapeno Hot Each,https://www.woolworths.com.au/shop/productdetails/126772/chilli-jalapeno-hot,https://www.woolworths.com.au/content/promotiontags/supporting-aus-grown-roundel-200x200.png,https://assets.woolworths.com.au/images/1005/126772.jpg?impolicy=wowsmkqiema&w=260&h=260,$0.94,$0.94 / 1EA,,, Add to cart , Save to list 
Garlic Heads 3 Pack,https://www.woolworths.com.au/shop/productdetails/810795/woolworths-garlic-heads-clove,,https://assets.woolworths.com.au/images/1005/810795.jpg?impolicy=wowsmkqiema&w=260&h=260,$3.30,$1.10 / 1EA,,, Add to cart , Save to list 
Premium Strawberries 300g,https://www.woolworths.com.au/shop/productdetails/195767/premium-strawberries,,https://assets.woolworths.com.au/images/1005/195767.jpg?impolicy=wowsmkqiema&w=260&h=260,$5.50,$18.33 / 1KG,,, Add to cart , Save to list 
Woolworths Baby Buk Choy Asian Greens Each,https://www.woolworths.com.au/shop/productdetails/135037/woolworths-baby-buk-choy-asian-greens,,https://assets.woolworths.com.au/images/1005/135037.jpg?impolicy=wowsmkqiema&w=260&h=260,,,,,, Save to list 
Plum Croc Eggs Loose Each,https://www.woolworths.com.au/shop/productdetails/748784/plum-croc-eggs-loose,https://www.woolworths.com.au/content/promotiontags/supporting-aus-grown-roundel-200x200.png,https://assets.woolworths.com.au/images/1005/748784.jpg?impolicy=wowsmkqiema&w=260&h=260,$0.79,$0.79 / 1EA,4.2,51, Add to cart , Save to list 
Fresh Green Nashi Pear Each,https://www.woolworths.com.au/shop/productdetails/145259/fresh-green-nashi-pear,https://www.woolworths.com.au/content/promotiontags/supporting-aus-grown-roundel-200x200.png,https://assets.woolworths.com.au/images/1005/145259.jpg?impolicy=wowsmkqiema&w=260&h=260,$1.80,$1.80 / 1EA,,, Add to cart , Save to list 
Parsnip Mini 350g,https://www.woolworths.com.au/shop/productdetails/738337/parsnip-mini,https://www.woolworths.com.au/content/promotiontags/supporting-aus-grown-roundel-200x200.png,https://assets.woolworths.com.au/images/1005/738337.jpg?impolicy=wowsmkqiema&w=260&h=260,$7.00,$20.00 / 1KG,4.3,246, Add to cart , Save to list 
Woolworths Mashing Potatoes Bag 1.5kg,https://www.woolworths.com.au/shop/productdetails/177574/woolworths-mashing-potatoes-bag,,https://assets.woolworths.com.au/images/1005/177574.jpg?impolicy=wowsmkqiema&w=260&h=260,$7.00,$4.67 / 1KG,4.7,1135, Add to cart , Save to list 
Woolworths Garlic Cloves 70g,https://www.woolworths.com.au/shop/productdetails/253320/woolworths-garlic-cloves,,https://assets.woolworths.com.au/images/1005/253320.jpg?impolicy=wowsmkqiema&w=260&h=260,$2.50,$35.71 / 1KG,,, Add to cart , Save to list 
Woolworths Washed & Ready To Cook Broccoli & Cauliflower Florets 150g,https://www.woolworths.com.au/shop/productdetails/159054/woolworths-washed-ready-to-cook-broccoli-cauliflower-florets,,https://assets.woolworths.com.au/images/1005/159054.jpg?impolicy=wowsmkqiema&w=260&h=260,$2.30,$15.33 / 1KG,3.2,591, Add to cart , Save to list 
Woolworths Washed & Ready To Cook Broccoli Florets 150g,https://www.woolworths.com.au/shop/productdetails/159055/woolworths-washed-ready-to-cook-broccoli-florets,,https://assets.woolworths.com.au/images/1005/159055.jpg?impolicy=wowsmkqiema&w=260&h=260,$2.30,$15.33 / 1KG,3.9,639, Add to cart , Save to list 
Macro Organic Royal Gala Apple Punnet 1kg,https://www.woolworths.com.au/shop/productdetails/154338/macro-organic-royal-gala-apple-punnet,https://www.woolworths.com.au/content/promotiontags/supporting-aus-grown-roundel-200x200.png,https://assets.woolworths.com.au/images/1005/154338.jpg?impolicy=wowsmkqiema&w=260&h=260,$6.90,,4.3,487, Add to cart , Save to list 
Jazz Apple Snackers 1kg Punnet,https://www.woolworths.com.au/shop/productdetails/325816/jazz-apple-snackers,https://www.woolworths.com.au/content/promotiontags/supporting-aus-grown-roundel-200x200.png,https://assets.woolworths.com.au/images/1005/325816.jpg?impolicy=wowsmkqiema&w=260&h=260,$7.50,$7.50 / 1KG,4.5,323, Add to cart , Save to list 
Gourmet Garden Garlic Cold Blended Paste Tube 120g,https://www.woolworths.com.au/shop/productdetails/706450/gourmet-garden-garlic-cold-blended-paste-tube,,https://assets.woolworths.com.au/images/1005/706450.jpg?impolicy=wowsmkqiema&w=260&h=260,$5.00,$0.42 / 10G,,, Add to cart , Save to list 
Macro Organic Gourmet Salad Mix 100g,https://www.woolworths.com.au/shop/productdetails/426911/macro-organic-gourmet-salad-mix,https://www.woolworths.com.au/content/promotiontags/supporting-aus-grown-roundel-200x200.png,https://assets.woolworths.com.au/images/1005/426911.jpg?impolicy=wowsmkqiema&w=260&h=260,$4.00,$40.00 / 1KG,4.1,439, Add to cart , Save to list 
Gourmet Garden Parsley Lightly Dried 8g Sachet,https://www.woolworths.com.au/shop/productdetails/781403/gourmet-garden-parsley-lightly-dried,,https://assets.woolworths.com.au/images/1005/781403.jpg?impolicy=wowsmkqiema&w=260&h=260,$4.00,$5.00 / 10G,,, Add to cart , Save to list 
Woolworths Washed & Ready To Cook Carrot Sticks 150g,https://www.woolworths.com.au/shop/productdetails/158938/woolworths-washed-ready-to-cook-carrot-sticks,,https://assets.woolworths.com.au/images/1005/158938.jpg?impolicy=wowsmkqiema&w=260&h=260,,,4.0,650,, Save to list 
Macro Organic Sweet Potato Each,https://www.woolworths.com.au/shop/productdetails/413886/macro-organic-sweet-potato,https://www.woolworths.com.au/content/promotiontags/supporting-aus-grown-roundel-200x200.png,https://assets.woolworths.com.au/images/1005/413886.jpg?impolicy=wowsmkqiema&w=260&h=260,$4.28,$4.28 / 1EA,,, Add to cart , Save to list 
Papaya Red Whole Each,https://www.woolworths.com.au/shop/productdetails/172659/papaya-red-whole,https://www.woolworths.com.au/content/promotiontags/supporting-aus-grown-roundel-200x200.png,https://assets.woolworths.com.au/images/1005/172659.jpg?impolicy=wowsmkqiema&w=260&h=260,$4.50,$4.50 / 1EA,,, Add to cart , Save to list 
Macro Dutch Cream Organic Potato 1kg Punnet,https://www.woolworths.com.au/shop/productdetails/769063/macro-dutch-cream-organic-potato,,https://assets.woolworths.com.au/images/1005/769063.jpg?impolicy=wowsmkqiema&w=260&h=260,$5.50,$5.50 / 1KG,4.4,173, Add to cart , Save to list 
Gourmet Garden Basil Lightly Dried 10g Sachet,https://www.woolworths.com.au/shop/productdetails/781401/gourmet-garden-basil-lightly-dried,,https://assets.woolworths.com.au/images/1005/781401.jpg?impolicy=wowsmkqiema&w=260&h=260,$4.00,$4.00 / 10G,,, Add to cart , Save to list 
Onion White Each,https://www.woolworths.com.au/shop/productdetails/144523/onion-white,https://www.woolworths.com.au/content/promotiontags/supporting-aus-grown-roundel-200x200.png,https://assets.woolworths.com.au/images/1005/144523.jpg?impolicy=wowsmkqiema&w=260&h=260,$1.10,$1.10 / 1EA,,, Add to cart , Save to list 
"Woolworths Carrot, Corn & Beans 350g",https://www.woolworths.com.au/shop/productdetails/79928/woolworths-carrot-corn-beans,,https://assets.woolworths.com.au/images/1005/79928.jpg?impolicy=wowsmkqiema&w=260&h=260,$5.50,$15.71 / 1KG,4.1,657, Add to cart , Save to list 
Macro Fresh Celery Heart Organic Each,https://www.woolworths.com.au/shop/productdetails/789892/macro-fresh-celery-heart-organic,https://www.woolworths.com.au/content/promotiontags/supporting-aus-grown-roundel-200x200.png,https://assets.woolworths.com.au/images/1005/789892.jpg?impolicy=wowsmkqiema&w=260&h=260,$5.90,,,, Add to cart , Save to list 
Woolworths Sliced Spring Onion 80g,https://www.woolworths.com.au/shop/productdetails/29510/woolworths-sliced-spring-onion,https://www.woolworths.com.au/content/promotiontags/supporting-aus-grown-roundel-200x200.png,https://assets.woolworths.com.au/images/1005/29510.jpg?impolicy=wowsmkqiema&w=260&h=260,$3.50,$43.75 / 1KG,3.8,238, Add to cart , Save to list 
Corn Sweet Polka Dot 500g Punnet,https://www.woolworths.com.au/shop/productdetails/165715/corn-sweet-polka-dot,https://www.woolworths.com.au/content/promotiontags/roundel-fresh-special-2019-200x200-1.png,https://assets.woolworths.com.au/images/1005/165715.jpg?impolicy=wowsmkqiema&w=260&h=260,$4.50,$9.00 / 1KG,4.6,285, Add to cart , Save to list 
Woolworths Red Grapes 400g,https://www.woolworths.com.au/shop/productdetails/774552/woolworths-red-grapes,https://www.woolworths.com.au/content/promotiontags/supporting-aus-grown-roundel-200x200.png,https://assets.woolworths.com.au/images/1005/774552.jpg?impolicy=wowsmkqiema&w=260&h=260,$4.50,$11.25 / 1KG,,, Add to cart , Save to list 
Macro Organic Avocado Each,https://www.woolworths.com.au/shop/productdetails/792361/macro-organic-avocado,https://www.woolworths.com.au/content/promotiontags/supporting-aus-grown-roundel-200x200.png,https://assets.woolworths.com.au/images/1005/792361.jpg?impolicy=wowsmkqiema&w=260&h=260,$5.90,$5.90 / 1EA,3.7,173, Add to cart , Save to list 
Choy Sum Baby Asian Greens Each,https://www.woolworths.com.au/shop/productdetails/154992/choy-sum-baby-asian-greens,https://www.woolworths.com.au/content/promotiontags/supporting-aus-grown-roundel-200x200.png,https://assets.woolworths.com.au/images/1005/154992.jpg?impolicy=wowsmkqiema&w=260&h=260,$2.50,$2.50 / 1EA,,, Add to cart , Save to list 
Fresh Corella Pear Each,https://www.woolworths.com.au/shop/productdetails/145182/fresh-corella-pear,,https://assets.woolworths.com.au/images/1005/145182.jpg?impolicy=wowsmkqiema&w=260&h=260,,,,,, Save to list 
Woolworths Cook Cauliflower Broccoli & Carrot With Herb Butter 200g,https://www.woolworths.com.au/shop/productdetails/583617/woolworths-cook-cauliflower-broccoli-carrot-with-herb-butter,,https://assets.woolworths.com.au/images/1005/583617.jpg?impolicy=wowsmkqiema&w=260&h=260,$4.50,$22.50 / 1KG,3.6,715, Add to cart , Save to list 
Woolworths Carrot Dutch Bunch Each,https://www.woolworths.com.au/shop/productdetails/135334/woolworths-carrot-dutch-bunch,https://www.woolworths.com.au/content/promotiontags/supporting-aus-grown-roundel-200x200.png,https://assets.woolworths.com.au/images/1005/135334.jpg?impolicy=wowsmkqiema&w=260&h=260,$2.90,$2.90 / 1EA,4.1,428, Add to cart , Save to list 
Woolworths Green Goddess Salad Kit 350g,https://www.woolworths.com.au/shop/productdetails/230195/woolworths-green-goddess-salad-kit,,https://assets.woolworths.com.au/images/1005/230195.jpg?impolicy=wowsmkqiema&w=260&h=260,,,,,, Save to list 
Macro Organic Sweet Corn 400g,https://www.woolworths.com.au/shop/productdetails/372556/macro-organic-sweet-corn,,https://assets.woolworths.com.au/images/1005/372556.jpg?impolicy=wowsmkqiema&w=260&h=260,,,,,, Save to list 
Avofresh Soft Avocado Hint Of Lemon 160g Tube,https://www.woolworths.com.au/shop/productdetails/364554/avofresh-soft-avocado-hint-of-lemon,,https://assets.woolworths.com.au/images/1005/364554.jpg?impolicy=wowsmkqiema&w=260&h=260,$5.50,$3.44 / 100G,,, Add to cart , Save to list 
Fresh Chokoes Each,https://www.woolworths.com.au/shop/productdetails/199771/fresh-chokoes,https://www.woolworths.com.au/content/promotiontags/supporting-aus-grown-roundel-200x200.png,https://assets.woolworths.com.au/images/1005/199771.jpg?impolicy=wowsmkqiema&w=260&h=260,$2.53,$2.53 / 1EA,,, Add to cart , Save to list 
Woolworths Lemongrass Fresh Herb 30g Punnet,https://www.woolworths.com.au/shop/productdetails/707362/woolworths-lemongrass-fresh-herb,https://www.woolworths.com.au/content/promotiontags/supporting-aus-grown-roundel-200x200.png,https://assets.woolworths.com.au/images/1005/707362.jpg?impolicy=wowsmkqiema&w=260&h=260,$3.20,$1.07 / 10G,3.9,421, Add to cart , Save to list 
Woolwoorths White Grapes 400g,https://www.woolworths.com.au/shop/productdetails/774548/woolwoorths-white-grapes,https://www.woolworths.com.au/content/promotiontags/supporting-aus-grown-roundel-200x200.png,https://assets.woolworths.com.au/images/1005/774548.jpg?impolicy=wowsmkqiema&w=260&h=260,$4.50,$11.25 / 1KG,,, Add to cart , Save to list 
Mandarins 550g,https://www.woolworths.com.au/shop/productdetails/79642/mandarin-mandarins,,https://assets.woolworths.com.au/images/1005/79642.jpg?impolicy=wowsmkqiema&w=260&h=260,,,,,, Save to list 
Georgina White Washed Potato Bag 1.5kg,https://www.woolworths.com.au/shop/productdetails/177575/georgina-white-washed-potato-bag,https://www.woolworths.com.au/content/promotiontags/roundel-fresh-special-2019-200x200-1.png,https://assets.woolworths.com.au/images/1005/177575.jpg?impolicy=wowsmkqiema&w=260&h=260,$8.00,$5.33 / 1KG,,, Add to cart , Save to list 
Woolworths Washed & Ready To Cook Mixed Rainbow Vegetables 750g,https://www.woolworths.com.au/shop/productdetails/159074/woolworths-washed-ready-to-cook-mixed-rainbow-vegetables,,https://assets.woolworths.com.au/images/1005/159074.jpg?impolicy=wowsmkqiema&w=260&h=260,$7.00,$9.33 / 1KG,4.0,117, Add to cart , Save to list 
Woolworths Navel Oranges 3kg Bag,https://www.woolworths.com.au/shop/productdetails/254080/woolworths-navel-oranges,,https://assets.woolworths.com.au/images/1005/254080.jpg?impolicy=wowsmkqiema&w=260&h=260,,,,,, Save to list 
Macro Mini Organic Apple 1kg,https://www.woolworths.com.au/shop/productdetails/773340/macro-mini-organic-apple,,https://assets.woolworths.com.au/images/1005/773340.jpg?impolicy=wowsmkqiema&w=260&h=260,$8.00,$8.00 / 1KG,4.2,155, Add to cart , Save to list 
Gourmet Garden Coriander Lightly Dried 8g Sachet,https://www.woolworths.com.au/shop/productdetails/781395/gourmet-garden-coriander-lightly-dried,,https://assets.woolworths.com.au/images/1005/781395.jpg?impolicy=wowsmkqiema&w=260&h=260,$4.00,$5.00 / 10G,,, Add to cart , Save to list 
Fresh Silvana Pear 750g,https://www.woolworths.com.au/shop/productdetails/668582/pear-fresh-silvana-pear,,https://assets.woolworths.com.au/images/1005/668582.jpg?impolicy=wowsmkqiema&w=260&h=260,,,,,, Save to list 
Passionfruit Panama Each,https://www.woolworths.com.au/shop/productdetails/144800/passionfruit-panama,https://www.woolworths.com.au/content/promotiontags/supporting-aus-grown-roundel-200x200.png,https://assets.woolworths.com.au/images/1005/144800.jpg?impolicy=wowsmkqiema&w=260&h=260,$1.50,$1.50 / 1EA,,, Add to cart , Save to list 
Macro Organic Beetroot Punnet 500g,https://www.woolworths.com.au/shop/productdetails/116277/macro-organic-beetroot-punnet,https://www.woolworths.com.au/content/promotiontags/supporting-aus-grown-roundel-200x200.png,https://assets.woolworths.com.au/images/1005/116277.jpg?impolicy=wowsmkqiema&w=260&h=260,$4.50,$9.00 / 1KG,,, Add to cart , Save to list 
Gourmet Garden Paste Ginger 80g,https://www.woolworths.com.au/shop/productdetails/948511/gourmet-garden-paste-ginger,,https://assets.woolworths.com.au/images/1005/948511.jpg?impolicy=wowsmkqiema&w=260&h=260,$4.00,$5.00 / 100G,,, Add to cart , Save to list 
Woolworths Washed & Ready To Cook Cauliflower Florets 150g,https://www.woolworths.com.au/shop/productdetails/159056/woolworths-washed-ready-to-cook-cauliflower-florets,,https://assets.woolworths.com.au/images/1005/159056.jpg?impolicy=wowsmkqiema&w=260&h=260,$2.30,$15.33 / 1KG,2.9,457, Add to cart , Save to list 
Woolworths Washed & Ready To Cook Carrot Broccoli & Cauliflower 750g,https://www.woolworths.com.au/shop/productdetails/159075/woolworths-washed-ready-to-cook-carrot-broccoli-cauliflower,,https://assets.woolworths.com.au/images/1005/159075.jpg?impolicy=wowsmkqiema&w=260&h=260,,,3.8,121,, Save to list 
Woolworths Chilli Red Cayenne 50g,https://www.woolworths.com.au/shop/productdetails/876327/woolworths-chilli-red-cayenne,https://www.woolworths.com.au/content/promotiontags/supporting-aus-grown-roundel-200x200.png,https://assets.woolworths.com.au/images/1005/876327.jpg?impolicy=wowsmkqiema&w=260&h=260,$3.80,$7.60 / 100G,4.5,332, Add to cart , Save to list 
Gourmet Garden Paste Lemongrass 80g,https://www.woolworths.com.au/shop/productdetails/948525/gourmet-garden-paste-lemongrass,,https://assets.woolworths.com.au/images/1005/948525.jpg?impolicy=wowsmkqiema&w=260&h=260,$4.00,$5.00 / 100G,,, Add to cart , Save to list 
Woolworths Cook Mixed Green Vegetables & Edamame 225g,https://www.woolworths.com.au/shop/productdetails/79931/woolworths-cook-mixed-green-vegetables-edamame,,https://assets.woolworths.com.au/images/1005/79931.jpg?impolicy=wowsmkqiema&w=260&h=260,$4.50,$20.00 / 1KG,3.6,497, Add to cart , Save to list 
Avofresh Chunky Avocado Hint Of Lemon 160g Tub,https://www.woolworths.com.au/shop/productdetails/364558/avofresh-chunky-avocado-hint-of-lemon,,https://assets.woolworths.com.au/images/1005/364558.jpg?impolicy=wowsmkqiema&w=260&h=260,,,,,, Save to list 
Woolworths White Flat Mushrooms Punnet 375g,https://www.woolworths.com.au/shop/productdetails/215610/woolworths-white-flat-mushrooms-punnet,https://www.woolworths.com.au/content/promotiontags/supporting-aus-grown-roundel-200x200.png,https://assets.woolworths.com.au/images/1005/215610.jpg?impolicy=wowsmkqiema&w=260&h=260,$7.50,$20.00 / 1KG,4.8,485, Add to cart , Save to list 
Woolworths Diced White Onion 250g,https://www.woolworths.com.au/shop/productdetails/29607/woolworths-diced-white-onion,https://www.woolworths.com.au/content/promotiontags/supporting-aus-grown-roundel-200x200.png,https://assets.woolworths.com.au/images/1005/29607.jpg?impolicy=wowsmkqiema&w=260&h=260,$3.50,$14.00 / 1KG,4.1,432, Add to cart , Save to list 
Cabbage Red Whole Each,https://www.woolworths.com.au/shop/productdetails/134984/cabbage-red,https://www.woolworths.com.au/content/promotiontags/supporting-aus-grown-roundel-200x200.png,https://assets.woolworths.com.au/images/1005/134984.jpg?impolicy=wowsmkqiema&w=260&h=260,$7.90,,4.5,138, Add to cart , Save to list 
Macro Organic Kale Each,https://www.woolworths.com.au/shop/productdetails/772786/macro-organic-kale,,https://assets.woolworths.com.au/images/1005/772786.jpg?impolicy=wowsmkqiema&w=260&h=260,,,,,, Save to list 
Woolworths Quick Cook Potatoes With Garlic & Rosemary 400g,https://www.woolworths.com.au/shop/productdetails/79986/woolworths-quick-cook-potatoes-with-garlic-rosemary,,https://assets.woolworths.com.au/images/1005/79986.jpg?impolicy=wowsmkqiema&w=260&h=260,,,3.7,349,, Save to list 
Gourmet Garden Herb Tube Ginger 115g,https://www.woolworths.com.au/shop/productdetails/59809/gourmet-garden-herb-tube-ginger,,https://assets.woolworths.com.au/images/1005/59809.jpg?impolicy=wowsmkqiema&w=260&h=260,$5.00,$0.43 / 10G,,, Add to cart , Save to list 
Macro Organic Herb Coriander Bunch Each,https://www.woolworths.com.au/shop/productdetails/427867/macro-organic-herb-coriander-bunch,https://www.woolworths.com.au/content/promotiontags/supporting-aus-grown-roundel-200x200.png,https://assets.woolworths.com.au/images/1005/427867.jpg?impolicy=wowsmkqiema&w=260&h=260,$4.50,,,, Add to cart , Save to list 
Galiko All Natural Ginger Minced Jar 145g,https://www.woolworths.com.au/shop/productdetails/185242/galiko-all-natural-ginger-minced-jar,,https://assets.woolworths.com.au/images/1005/185242.jpg?impolicy=wowsmkqiema&w=260&h=260,$3.00,$2.07 / 100G,,, Add to cart , Save to list 
Papaya Red Cut Half Each,https://www.woolworths.com.au/shop/productdetails/173415/papaya-red-cut-half,https://www.woolworths.com.au/content/promotiontags/supporting-aus-grown-roundel-200x200.png,https://assets.woolworths.com.au/images/1005/173415.jpg?impolicy=wowsmkqiema&w=260&h=260,$2.25,$2.25 / 1EA,,, Add to cart , Save to list 
Woolworths Kaffir Lime Leaf Fresh Herb 10g Punnet,https://www.woolworths.com.au/shop/productdetails/707373/woolworths-kaffir-lime-leaf-fresh-herb,,https://assets.woolworths.com.au/images/1005/707373.jpg?impolicy=wowsmkqiema&w=260&h=260,,,4.4,594,, Save to list 
Leek Twin Pack 2 Pack,https://www.woolworths.com.au/shop/productdetails/308186/leek-twin-pack,,https://assets.woolworths.com.au/images/1005/308186.jpg?impolicy=wowsmkqiema&w=260&h=260,,,,,, Save to list 
Macro Organic Dates Punnet 200g,https://www.woolworths.com.au/shop/productdetails/318163/macro-organic-dates-punnet,https://www.woolworths.com.au/content/promotiontags/roundel-fresh-special-2019-200x200-1.png,https://assets.woolworths.com.au/images/1005/318163.jpg?impolicy=wowsmkqiema&w=260&h=260,$5.90,$29.50 / 1KG,,, Add to cart , Save to list 
Grape Sweet Nectar 400g,https://www.woolworths.com.au/shop/productdetails/206173/grape-sweet-nectar,https://www.woolworths.com.au/content/promotiontags/roundel-fresh-special-2019-200x200-1.png,https://assets.woolworths.com.au/images/1005/206173.jpg?impolicy=wowsmkqiema&w=260&h=260,$6.90,$17.25 / 1KG,,, Add to cart , Save to list 
Gourmet Garden Paste Basil 80g,https://www.woolworths.com.au/shop/productdetails/948505/gourmet-garden-paste-basil,,https://assets.woolworths.com.au/images/1005/948505.jpg?impolicy=wowsmkqiema&w=260&h=260,$4.00,$5.00 / 100G,,, Add to cart , Save to list 
Avofresh Soft Avocado Lime & Black Pepper 160g Tube,https://www.woolworths.com.au/shop/productdetails/405658/avofresh-soft-avocado-lime-black-pepper,,https://assets.woolworths.com.au/images/1005/405658.jpg?impolicy=wowsmkqiema&w=260&h=260,$5.50,$3.44 / 100G,,, Add to cart , Save to list 
Galiko All Natural Garlic Minced Jar 145g,https://www.woolworths.com.au/shop/productdetails/185243/galiko-all-natural-garlic-minced-jar,,https://assets.woolworths.com.au/images/1005/185243.jpg?impolicy=wowsmkqiema&w=260&h=260,$3.00,$2.07 / 100G,,, Add to cart , Save to list 
Macro Organic Broccoli 500g,https://www.woolworths.com.au/shop/productdetails/810386/macro-organic-broccoli,,https://assets.woolworths.com.au/images/1005/810386.jpg?impolicy=wowsmkqiema&w=260&h=260,$9.80,$19.60 / 1KG,4.4,321, Add to cart , Save to list 
Macro Organic Celery Sticks 250g,https://www.woolworths.com.au/shop/productdetails/629215/macro-organic-celery-sticks,,https://assets.woolworths.com.au/images/1005/629215.jpg?impolicy=wowsmkqiema&w=260&h=260,,,,,, Save to list 
Country Fresh Exotic Mushroom Risotto Mix 150g,https://www.woolworths.com.au/shop/productdetails/827515/country-fresh-exotic-mushroom-risotto-mix,https://www.woolworths.com.au/content/promotiontags/supporting-aus-grown-roundel-200x200.png,https://assets.woolworths.com.au/images/1005/827515.jpg?impolicy=wowsmkqiema&w=260&h=260,$6.00,$40.00 / 1KG,,, Add to cart , Save to list 
Woolworths Parmesan Crumbed Potatoes 500g,https://www.woolworths.com.au/shop/productdetails/79987/woolworths-parmesan-crumbed-potatoes,,https://assets.woolworths.com.au/images/1005/79987.jpg?impolicy=wowsmkqiema&w=260&h=260,$5.50,$11.00 / 1KG,3.6,212, Add to cart , Save to list 
Fresh Figs 300g Punnet,https://www.woolworths.com.au/shop/productdetails/343659/fresh-figs,https://www.woolworths.com.au/content/promotiontags/roundel-fresh-special-2019-200x200-1.png,https://assets.woolworths.com.au/images/1005/343659.jpg?impolicy=wowsmkqiema&w=260&h=260,$4.50,$15.00 / 1KG,,, Add to cart , Save to list 
Gourmet Garden Mint Lightly Dried 5g,https://www.woolworths.com.au/shop/productdetails/593297/gourmet-garden-mint-lightly-dried,,https://assets.woolworths.com.au/images/1005/593297.jpg?impolicy=wowsmkqiema&w=260&h=260,,,,,, Save to list 
Grape Candy Hearts 400g,https://www.woolworths.com.au/shop/productdetails/85417/grape-candy-hearts,https://www.woolworths.com.au/content/promotiontags/supporting-aus-grown-roundel-200x200.png,https://assets.woolworths.com.au/images/1005/85417.jpg?impolicy=wowsmkqiema&w=260&h=260,$6.90,$17.25 / 1KG,,, Add to cart , Save to list 
Kiwi Fruit Green 8 Pack,https://www.woolworths.com.au/shop/productdetails/786152/kiwi-fruit-green,,https://assets.woolworths.com.au/images/1005/786152.jpg?impolicy=wowsmkqiema&w=260&h=260,,,,,, Save to list 
Macro Organic Herb Parsley Bunch Each,https://www.woolworths.com.au/shop/productdetails/427873/macro-organic-herb-parsley-bunch,https://www.woolworths.com.au/content/promotiontags/supporting-aus-grown-roundel-200x200.png,https://assets.woolworths.com.au/images/1005/427873.jpg?impolicy=wowsmkqiema&w=260&h=260,$4.50,,,, Add to cart , Save to list 
Fioretto Cauli Blossom 150g,https://www.woolworths.com.au/shop/productdetails/165322/fioretto-cauli-blossom,,https://assets.woolworths.com.au/images/1005/165322.jpg?impolicy=wowsmkqiema&w=260&h=260,,,,,, Save to list 
Woolworths Mushrooms Oyster 150g Punnet,https://www.woolworths.com.au/shop/productdetails/179994/woolworths-mushrooms-oyster,,https://assets.woolworths.com.au/images/1005/179994.jpg?impolicy=wowsmkqiema&w=260&h=260,,,,,, Save to list 
Pumpkin Jarrahdale Whole Each,https://www.woolworths.com.au/shop/productdetails/127017/pumpkin-jarrahdale-whole,https://www.woolworths.com.au/content/promotiontags/supporting-aus-grown-roundel-200x200.png,https://assets.woolworths.com.au/images/1005/127017.jpg?impolicy=wowsmkqiema&w=260&h=260,$10.50,$10.50 / 1EA,,, Add to cart , Save to list 
Mango Honey Gold Large Each,https://www.woolworths.com.au/shop/productdetails/224301/mango-honey-gold-large,,https://assets.woolworths.com.au/images/1005/224301.jpg?impolicy=wowsmkqiema&w=260&h=260,,,,,, Save to list 
Fig Fresh Each,https://www.woolworths.com.au/shop/productdetails/305895/fig-fresh,https://www.woolworths.com.au/content/promotiontags/supporting-aus-grown-roundel-200x200.png,https://assets.woolworths.com.au/images/1005/305895.jpg?impolicy=wowsmkqiema&w=260&h=260,$1.60,$1.60 / 1EA,,, Add to cart , Save to list 
Woolworths Sliced Potato 450g,https://www.woolworths.com.au/shop/productdetails/94978/woolworths-sliced-potato,,https://assets.woolworths.com.au/images/1005/94978.jpg?impolicy=wowsmkqiema&w=260&h=260,,,4.0,231,, Save to list 
Sugar Plums Per Kg,https://www.woolworths.com.au/shop/productdetails/146674/sugar-plums,,https://assets.woolworths.com.au/images/1005/146674.jpg?impolicy=wowsmkqiema&w=260&h=260,$6.64,$6.64 / 1EA,,, Add to cart , Save to list 
Quince Fresh Each,https://www.woolworths.com.au/shop/productdetails/147315/quince-fresh,,https://assets.woolworths.com.au/images/1005/147315.jpg?impolicy=wowsmkqiema&w=260&h=260,,,,,, Save to list 
Country Fresh Exotic Mushroom Stir Fry Mix 150g,https://www.woolworths.com.au/shop/productdetails/827507/country-fresh-exotic-mushroom-stir-fry-mix,https://www.woolworths.com.au/content/promotiontags/supporting-aus-grown-roundel-200x200.png,https://assets.woolworths.com.au/images/1005/827507.jpg?impolicy=wowsmkqiema&w=260&h=260,$6.00,$40.00 / 1KG,,, Add to cart , Save to list 
Gourmet Garden Paste Coriander 80g,https://www.woolworths.com.au/shop/productdetails/948509/gourmet-garden-paste-coriander,,https://assets.woolworths.com.au/images/1005/948509.jpg?impolicy=wowsmkqiema&w=260&h=260,$4.00,$0.50 / 10G,,, Add to cart , Save to list 
Woolworths Chilli Birdseye 20g Punnet,https://www.woolworths.com.au/shop/productdetails/876201/woolworths-chilli-birdseye,https://www.woolworths.com.au/content/promotiontags/supporting-aus-grown-roundel-200x200.png,https://assets.woolworths.com.au/images/1005/876201.jpg?impolicy=wowsmkqiema&w=260&h=260,$3.80,$19.00 / 100G,4.6,175, Add to cart , Save to list 
Gourmet Garden Lightly Dried Chives 4g,https://www.woolworths.com.au/shop/productdetails/555398/gourmet-garden-lightly-dried-chives,,https://assets.woolworths.com.au/images/1005/555398.jpg?impolicy=wowsmkqiema&w=260&h=260,$4.00,$10.00 / 10G,,, Add to cart , Save to list 
Macro Organic Beetroot 250g,https://www.woolworths.com.au/shop/productdetails/806260/macro-organic-beetroot,,https://assets.woolworths.com.au/images/1005/806260.jpg?impolicy=wowsmkqiema&w=260&h=260,,,3.8,76,, Save to list 
Woolworths Curry Leaf Fresh Herb 5g Punnet,https://www.woolworths.com.au/shop/productdetails/707361/woolworths-curry-leaf-fresh-herb,,https://assets.woolworths.com.au/images/1005/707361.jpg?impolicy=wowsmkqiema&w=260&h=260,,,,,, Save to list 
Woolworths Bay Leaf Fresh Herb 10g,https://www.woolworths.com.au/shop/productdetails/707375/woolworths-bay-leaf-fresh-herb,,https://assets.woolworths.com.au/images/1005/707375.jpg?impolicy=wowsmkqiema&w=260&h=260,,,,,, Save to list 
Woolworths Oregano Fresh Herb 10g Punnet,https://www.woolworths.com.au/shop/productdetails/707371/woolworths-oregano-fresh-herb,,https://assets.woolworths.com.au/images/1005/707371.jpg?impolicy=wowsmkqiema&w=260&h=260,,,,,, Save to list 
Birch & Waite Milk Chocolate Dessert Sauce 130g,https://www.woolworths.com.au/shop/productdetails/669459/birch-waite-milk-chocolate-dessert-sauce,,https://assets.woolworths.com.au/images/1005/669459.jpg?impolicy=wowsmkqiema&w=260&h=260,$3.00,$23.08 / 1KG,,, Add to cart , Save to list 
Organic Pumpkin Butternut Each,https://www.woolworths.com.au/shop/productdetails/685740/organic-pumpkin-butternut,,https://assets.woolworths.com.au/images/1005/685740.jpg?impolicy=wowsmkqiema&w=260&h=260,,,,,, Save to list 
Macro Organic Mini Cucumber Each,https://www.woolworths.com.au/shop/productdetails/864344/macro-organic-mini-cucumber,,https://assets.woolworths.com.au/images/1005/864344.jpg?impolicy=wowsmkqiema&w=260&h=260,,,,,, Save to list 
Gourmet Garden Oregano Lightly Dried 5g,https://www.woolworths.com.au/shop/productdetails/593301/gourmet-garden-oregano-lightly-dried,,https://assets.woolworths.com.au/images/1005/593301.jpg?impolicy=wowsmkqiema&w=260&h=260,$4.00,$8.00 / 10G,,, Add to cart , Save to list 
Gourmet Garden Paste Garlic 80g,https://www.woolworths.com.au/shop/productdetails/948491/gourmet-garden-paste-garlic,,https://assets.woolworths.com.au/images/1005/948491.jpg?impolicy=wowsmkqiema&w=260&h=260,$4.00,$0.50 / 10G,,, Add to cart , Save to list 
Woolworths Black Seedless Grapes Bunch Each,https://www.woolworths.com.au/shop/productdetails/855216/woolworths-black-seedless-grapes-bunch,,https://assets.woolworths.com.au/images/1005/855216.jpg?impolicy=wowsmkqiema&w=260&h=260,,,,,, Save to list 
Melonball Each,https://www.woolworths.com.au/shop/productdetails/66613/melon-melonball,,https://assets.woolworths.com.au/images/1005/66613.jpg?impolicy=wowsmkqiema&w=260&h=260,,,3.9,35,, Save to list 
Woolworths Capsicum Mini Vine Sweet 175g Punnet,https://www.woolworths.com.au/shop/productdetails/220202/woolworths-capsicum-mini-vine-sweet,,https://assets.woolworths.com.au/images/1005/220202.jpg?impolicy=wowsmkqiema&w=260&h=260,,,,,, Save to list 
Star Fruit Carambola Each,https://www.woolworths.com.au/shop/productdetails/199715/star-fruit-carambola,https://www.woolworths.com.au/content/promotiontags/supporting-aus-grown-roundel-200x200.png,https://assets.woolworths.com.au/images/1005/199715.jpg?impolicy=wowsmkqiema&w=260&h=260,$1.34,$1.34 / 1EA,,, Add to cart , Save to list 
Mandarin Phoenix Each,https://www.woolworths.com.au/shop/productdetails/349867/mandarin-phoenix,,https://assets.woolworths.com.au/images/1005/349867.jpg?impolicy=wowsmkqiema&w=260&h=260,,,,,, Save to list 
Melon Orange Candy Each,https://www.woolworths.com.au/shop/productdetails/696428/melon-orange-candy,https://www.woolworths.com.au/content/promotiontags/supporting-aus-grown-roundel-200x200.png,https://assets.woolworths.com.au/images/1005/696428.jpg?impolicy=wowsmkqiema&w=260&h=260,$5.90,$5.90 / 1EA,,, Add to cart , Save to list 
Macro Organic Garlic Paste 75g,https://www.woolworths.com.au/shop/productdetails/385072/macro-organic-garlic-paste,,https://assets.woolworths.com.au/images/1005/385072.jpg?impolicy=wowsmkqiema&w=260&h=260,,,4.1,992,, Save to list 
Woolworths Chilli Green Cayenne 50g Punnet,https://www.woolworths.com.au/shop/productdetails/875855/woolworths-chilli-green-cayenne,https://www.woolworths.com.au/content/promotiontags/supporting-aus-grown-roundel-200x200.png,https://assets.woolworths.com.au/images/1005/875855.jpg?impolicy=wowsmkqiema&w=260&h=260,$3.80,$7.60 / 100G,4.3,177, Add to cart , Save to list 
The Odd Bunch Tasty Snacking Tomato  350g,https://www.woolworths.com.au/shop/productdetails/665587/the-odd-bunch,,https://assets.woolworths.com.au/images/1005/665587.jpg?impolicy=wowsmkqiema&w=260&h=260,,,,,, Save to list 
Orange Blood Each,https://www.woolworths.com.au/shop/productdetails/178403/orange-blood,,https://assets.woolworths.com.au/images/1005/178403.jpg?impolicy=wowsmkqiema&w=260&h=260,,,,,, Save to list 
Woolworths Good To Go Fresh Rockmelon 200g,https://www.woolworths.com.au/shop/productdetails/73197/woolworths-good-to-go-fresh-rockmelon,https://www.woolworths.com.au/content/promotiontags/supporting-aus-grown-roundel-200x200.png,https://assets.woolworths.com.au/images/1005/73197.jpg?impolicy=wowsmkqiema&w=260&h=260,$4.00,$20.00 / 1KG,,, Add to cart , Save to list 
Macro Organic Veggie & Baby Leaf Salad Bowl Mix 100g,https://www.woolworths.com.au/shop/productdetails/805729/macro-organic-veggie-baby-leaf-salad-bowl-mix,,https://assets.woolworths.com.au/images/1005/805729.jpg?impolicy=wowsmkqiema&w=260&h=260,,,3.3,143,, Save to list 
Woolworths Chilli Jalapeno 80g,https://www.woolworths.com.au/shop/productdetails/876280/woolworths-chilli-jalapeno,https://www.woolworths.com.au/content/promotiontags/supporting-aus-grown-roundel-200x200.png,https://assets.woolworths.com.au/images/1005/876280.jpg?impolicy=wowsmkqiema&w=260&h=260,$3.80,$4.75 / 100G,4.4,189, Add to cart , Save to list 
Grape Red Globe Bunch Each,https://www.woolworths.com.au/shop/productdetails/139344/grape-red-globe-bunch,,https://assets.woolworths.com.au/images/1005/139344.jpg?impolicy=wowsmkqiema&w=260&h=260,$6.56,$6.56 / 1EA,,, Add to cart , Save to list 
Woolworths Good To Go Seasonal Fruit Salad 200g,https://www.woolworths.com.au/shop/productdetails/73192/woolworths-good-to-go-seasonal-fruit-salad,,https://assets.woolworths.com.au/images/1005/73192.jpg?impolicy=wowsmkqiema&w=260&h=260,$4.00,$20.00 / 1KG,3.2,278, Add to cart , Save to list 
Dragonfruit White Each,https://www.woolworths.com.au/shop/productdetails/226568/dragonfruit-white,https://www.woolworths.com.au/content/promotiontags/supporting-aus-grown-roundel-200x200.png,https://assets.woolworths.com.au/images/1005/226568.jpg?impolicy=wowsmkqiema&w=260&h=260,$3.71,$3.71 / 1EA,,, Add to cart , Save to list 
Blackberry Premium 125g,https://www.woolworths.com.au/shop/productdetails/827719/blackberry-premium,,https://assets.woolworths.com.au/images/1005/827719.jpg?impolicy=wowsmkqiema&w=260&h=260,,,,,, Save to list 
Gourmet Garden Paste Chilli Mild 80g,https://www.woolworths.com.au/shop/productdetails/948507/gourmet-garden-paste-chilli-mild,,https://assets.woolworths.com.au/images/1005/948507.jpg?impolicy=wowsmkqiema&w=260&h=260,$4.00,$0.50 / 10G,,, Add to cart , Save to list 
Gourmet Garden Paste Italian 80g,https://www.woolworths.com.au/shop/productdetails/948513/gourmet-garden-paste-italian,,https://assets.woolworths.com.au/images/1005/948513.jpg?impolicy=wowsmkqiema&w=260&h=260,$4.00,$5.00 / 100G,,, Add to cart , Save to list 
Envy Apple 1kg Punnet,https://www.woolworths.com.au/shop/productdetails/646356/envy-apple,,https://assets.woolworths.com.au/images/1005/646356.jpg?impolicy=wowsmkqiema&w=260&h=260,,,,,, Save to list 
Orange Blood 1kg Bag,https://www.woolworths.com.au/shop/productdetails/332050/orange-blood,,https://assets.woolworths.com.au/images/1005/332050.jpg?impolicy=wowsmkqiema&w=260&h=260,,,,,, Save to list 
Macro Organic Sweet Potato 500g,https://www.woolworths.com.au/shop/productdetails/692906/macro-organic-sweet-potato,,https://assets.woolworths.com.au/images/1005/692906.jpg?impolicy=wowsmkqiema&w=260&h=260,,,,,, Save to list 
Woolworths Chilli Habanero 35g,https://www.woolworths.com.au/shop/productdetails/878644/woolworths-chilli-habanero,,https://assets.woolworths.com.au/images/1005/878644.jpg?impolicy=wowsmkqiema&w=260&h=260,$3.80,$10.86 / 100G,4.1,251, Add to cart , Save to list 
Gourmet Garden Mixed Herbs Lightly Dried 8g Sachet,https://www.woolworths.com.au/shop/productdetails/476796/gourmet-garden-mixed-herbs-lightly-dried,,https://assets.woolworths.com.au/images/1005/476796.jpg?impolicy=wowsmkqiema&w=260&h=260,$4.00,$5.00 / 10G,,, Add to cart , Save to list 
Good To Go Fresh Pineapple 200g,https://www.woolworths.com.au/shop/productdetails/73195/good-to-go-fresh-pineapple,,https://assets.woolworths.com.au/images/1005/73195.jpg?impolicy=wowsmkqiema&w=260&h=260,$4.00,$20.00 / 1KG,3.4,455, Add to cart , Save to list 
Montague Sparkling Apple Juice 300ml X4 Pack,https://www.woolworths.com.au/shop/productdetails/405925/montague-sparkling-apple-juice,,https://assets.woolworths.com.au/images/1005/405925.jpg?impolicy=wowsmkqiema&w=260&h=260,,,,,, Save to list 
Artichoke Globe Large Each,https://www.woolworths.com.au/shop/productdetails/132473/artichoke-globe-large,,https://assets.woolworths.com.au/images/1005/132473.jpg?impolicy=wowsmkqiema&w=260&h=260,,,,,, Save to list 
Celeriac Fresh Each,https://www.woolworths.com.au/shop/productdetails/135797/celeriac-fresh,,https://assets.woolworths.com.au/images/1005/135797.jpg?impolicy=wowsmkqiema&w=260&h=260,,,,,, Save to list 
Plum Croc Eggs Exclusive To Woolworths 750g Punnet,https://www.woolworths.com.au/shop/productdetails/778121/plum-croc-eggs-exclusive-to-woolworths,,https://assets.woolworths.com.au/images/1005/778121.jpg?impolicy=wowsmkqiema&w=260&h=260,,,,,, Save to list 
Passionfruit 6 Pack,https://www.woolworths.com.au/shop/productdetails/125222/passionfruit,,https://assets.woolworths.com.au/images/1005/125222.jpg?impolicy=wowsmkqiema&w=260&h=260,,,4.4,170,, Save to list 
Gourmet Garden Chilli Lightly Dried 10g Sachet,https://www.woolworths.com.au/shop/productdetails/798100/gourmet-garden-chilli-lightly-dried,,https://assets.woolworths.com.au/images/1005/798100.jpg?impolicy=wowsmkqiema&w=260&h=260,,,,,, Save to list 
Fresh Onion White Globe Bunch,https://www.woolworths.com.au/shop/productdetails/105931/fresh-onion-white-globe,,https://assets.woolworths.com.au/images/1005/105931.jpg?impolicy=wowsmkqiema&w=260&h=260,,,,,, Save to list 
Woolworths Good To Go Seasonal Melon Mix 200g,https://www.woolworths.com.au/shop/productdetails/73194/woolworths-good-to-go-seasonal-melon-mix,https://www.woolworths.com.au/content/promotiontags/supporting-aus-grown-roundel-200x200.png,https://assets.woolworths.com.au/images/1005/73194.jpg?impolicy=wowsmkqiema&w=260&h=260,$4.00,$20.00 / 1KG,,, Add to cart , Save to list 
Woolworths Coconut Fresh Each,https://www.woolworths.com.au/shop/productdetails/136981/woolworths-coconut-fresh,,https://assets.woolworths.com.au/images/1005/136981.jpg?impolicy=wowsmkqiema&w=260&h=260,$4.50,$4.50 / 1EA,,, Add to cart , Save to list 
Trick Or Treat Mandarins 750g,https://www.woolworths.com.au/shop/productdetails/125686/trick-or-treat-mandarins,,https://assets.woolworths.com.au/images/1005/125686.jpg?impolicy=wowsmkqiema&w=260&h=260,,,,,, Save to list 
Pomegranate Fresh Each,https://www.woolworths.com.au/shop/productdetails/324819/pomegranate-fresh,,https://assets.woolworths.com.au/images/1005/324819.jpg?impolicy=wowsmkqiema&w=260&h=260,,,,,, Save to list 
Custard Apple Fresh Each,https://www.woolworths.com.au/shop/productdetails/199757/custard-apple-fresh,https://www.woolworths.com.au/content/promotiontags/supporting-aus-grown-roundel-200x200.png,https://assets.woolworths.com.au/images/1005/199757.jpg?impolicy=wowsmkqiema&w=260&h=260,$6.95,$6.95 / 1EA,,, Add to cart , Save to list 
Bambino Sweet Baby Cabbage 2 Pack,https://www.woolworths.com.au/shop/productdetails/126907/bambino-sweet-baby-cabbage,,https://assets.woolworths.com.au/images/1005/126907.jpg?impolicy=wowsmkqiema&w=260&h=260,,,,,, Save to list 
Organic In Conversion Apple Jazz 1kg,https://www.woolworths.com.au/shop/productdetails/238802/organic-in-conversion-apple-jazz,,https://assets.woolworths.com.au/images/1005/238802.jpg?impolicy=wowsmkqiema&w=260&h=260,,,,,, Save to list 
Plum Yellow King Midas Each,https://www.woolworths.com.au/shop/productdetails/750788/plum-yellow-king-midas,,https://assets.woolworths.com.au/images/1005/750788.jpg?impolicy=wowsmkqiema&w=260&h=260,,,,,, Save to list 
Pomlife Pomegranate Arils Punnet 75g,https://www.woolworths.com.au/shop/productdetails/374347/pomlife-pomegranate-arils-punnet,,https://assets.woolworths.com.au/images/1005/374347.jpg?impolicy=wowsmkqiema&w=260&h=260,,,,,, Save to list 
Woolworths Fresh Mango 4 Pack,https://www.woolworths.com.au/shop/productdetails/774572/woolworths-fresh-mango,,https://assets.woolworths.com.au/images/1005/774572.jpg?impolicy=wowsmkqiema&w=260&h=260,,,,,, Save to list 
Gold Crown Pineapple Each,https://www.woolworths.com.au/shop/productdetails/895993/gold-crown-pineapple,,https://assets.woolworths.com.au/images/1005/895993.jpg?impolicy=wowsmkqiema&w=260&h=260,,,,,, Save to list 
Grapes Autumn Crisp 700g,https://www.woolworths.com.au/shop/productdetails/687643/grape-grapes-autumn-crisp,,https://assets.woolworths.com.au/images/1005/687643.jpg?impolicy=wowsmkqiema&w=260&h=260,,,,,, Save to list 
Tamarillo Red Each,https://www.woolworths.com.au/shop/productdetails/149473/tamarillo-red,,https://assets.woolworths.com.au/images/1005/149473.jpg?impolicy=wowsmkqiema&w=260&h=260,,,,,, Save to list 
Fresh Paradise Pear 500g Punnet,https://www.woolworths.com.au/shop/productdetails/373999/fresh-paradise-pear,,https://assets.woolworths.com.au/images/1005/373999.jpg?impolicy=wowsmkqiema&w=260&h=260,,,,,, Save to list 
Dragonfruit Red Each,https://www.woolworths.com.au/shop/productdetails/114995/dragonfruit-red,,https://assets.woolworths.com.au/images/1005/114995.jpg?impolicy=wowsmkqiema&w=260&h=260,,,,,, Save to list 
Perfection Freshly Cut Watermelon & Mint 220g,https://www.woolworths.com.au/shop/productdetails/880303/perfection-freshly-cut-watermelon-mint,https://www.woolworths.com.au/content/promotiontags/supporting-aus-grown-roundel-200x200.png,https://assets.woolworths.com.au/images/1005/880303.jpg?impolicy=wowsmkqiema&w=260&h=260,$4.00,$20.00 / 1KG,,, Add to cart , Save to list 
Honey Ball Oranges Oranges 1.5kg,https://www.woolworths.com.au/shop/productdetails/404525/orange-honey-ball-oranges-oranges,,https://assets.woolworths.com.au/images/1005/404525.jpg?impolicy=wowsmkqiema&w=260&h=260,,,,,, Save to list 
Chestnuts Large Per Kg,https://www.woolworths.com.au/shop/productdetails/143745/chestnuts-large,,https://assets.woolworths.com.au/images/1005/143745.jpg?impolicy=wowsmkqiema&w=260&h=260,,,,,, Save to list 
Red Cherries 250g,https://www.woolworths.com.au/shop/productdetails/237180/red-cherries,,https://assets.woolworths.com.au/images/1005/237180.jpg?impolicy=wowsmkqiema&w=260&h=260,,,,,, Save to list 
Organic Carrot Dutch Bunch Each,https://www.woolworths.com.au/shop/productdetails/816207/organic-carrot-dutch-bunch,,https://assets.woolworths.com.au/images/1005/816207.jpg?impolicy=wowsmkqiema&w=260&h=260,,,,,, Save to list 
Woolworths Persimmon Each,https://www.woolworths.com.au/shop/productdetails/140729/woolworths-persimmon,,https://assets.woolworths.com.au/images/1005/140729.jpg?impolicy=wowsmkqiema&w=260&h=260,,,,,, Save to list 
Perfection Fruit Duo Fresh Cut 200g,https://www.woolworths.com.au/shop/productdetails/70435/perfection-fruit-duo-fresh-cut,,https://assets.woolworths.com.au/images/1005/70435.jpg?impolicy=wowsmkqiema&w=260&h=260,$4.00,$20.00 / 1KG,,, Add to cart , Save to list 
Fresh Celery Bunch Half Each,https://www.woolworths.com.au/shop/productdetails/135952,,https://assets.woolworths.com.au/images/1005/135952.jpg?impolicy=wowsmkqiema&w=260&h=260,,,,,, Save to list 
Feijoa Fresh Each,https://www.woolworths.com.au/shop/productdetails/137567/feijoa-fresh,,https://assets.woolworths.com.au/images/1005/137567.jpg?impolicy=wowsmkqiema&w=260&h=260,,,,,, Save to list 
Passionfruit Fresh 10 Pack,https://www.woolworths.com.au/shop/productdetails/144801/passionfruit-fresh,,https://assets.woolworths.com.au/images/1005/144801.jpg?impolicy=wowsmkqiema&w=260&h=260,,,,,, Save to list 
Macro Red Delicious Apple Organic 1kg Punnet,https://www.woolworths.com.au/shop/productdetails/157407/macro-red-delicious-apple-organic,,https://assets.woolworths.com.au/images/1005/157407.jpg?impolicy=wowsmkqiema&w=260&h=260,,,,,, Save to list 
Cabbage Savoy Quarter Each,https://www.woolworths.com.au/shop/productdetails/135006/cabbage-savoy,,https://assets.woolworths.com.au/images/1005/135006.jpg?impolicy=wowsmkqiema&w=260&h=260,,,,,, Save to list 
