Title,Title_URL,Image,Image1,Price,Price2,Content,rating,cartcontrolsaddcart,Avg_price
V2 Plant Based Lasagne 350g,https://www.woolworths.com.au/shop/productdetails/213436/v2-plant-based-lasagne,,https://assets.woolworths.com.au/images/1005/213436.jpg?impolicy=wowsmkqiema&w=260&h=260,$8.00,$2.29 / 100G,,, Add to cart , Save to list 
V2 Plant Based Penne Bake 350g,https://www.woolworths.com.au/shop/productdetails/215556/v2-plant-based-penne-bake,,https://assets.woolworths.com.au/images/1005/215556.jpg?impolicy=wowsmkqiema&w=260&h=260,$8.00,$2.29 / 100G,,, Add to cart , Save to list 
V2 Plant Based Classic British Sausages 6 Pack 390g,https://www.woolworths.com.au/shop/productdetails/238584/v2-plant-based-classic-british-sausages-6-pack,,https://assets.woolworths.com.au/images/1005/238584.jpg?impolicy=wowsmkqiema&w=260&h=260,$9.50,$24.36 / 1KG,,, Add to cart , Save to list 
V2 Plant Based Mince 400g,https://www.woolworths.com.au/shop/productdetails/153060/v2-plant-based-mince,,https://assets.woolworths.com.au/images/1005/153060.jpg?impolicy=wowsmkqiema&w=260&h=260,$7.50,$18.75 / 1KG,,, Add to cart , Save to list 
Woolworths Baby Leaf Spinach 120g,https://www.woolworths.com.au/shop/productdetails/524322/woolworths-baby-leaf-spinach,https://www.woolworths.com.au/content/promotiontags/supporting-aus-grown-roundel-200x200.png,https://assets.woolworths.com.au/images/1005/524322.jpg?impolicy=wowsmkqiema&w=260&h=260,$3.00,$25.00 / 1KG,4.7,2855, Add to cart , Save to list 
Woolworths Vanilla Yoghurt 98% Fat Free 1kg,https://www.woolworths.com.au/shop/productdetails/571483/woolworths-vanilla-yoghurt-98-fat-free,,https://assets.woolworths.com.au/images/1005/571483.jpg?impolicy=wowsmkqiema&w=260&h=260,$4.00,$0.40 / 100G,4.1,287, Add to cart , Save to list 
Woolworths Baby Leaf Rocket 120g,https://www.woolworths.com.au/shop/productdetails/54900/woolworths-baby-leaf-rocket,https://www.woolworths.com.au/content/promotiontags/supporting-aus-grown-roundel-200x200.png,https://assets.woolworths.com.au/images/1005/54900.jpg?impolicy=wowsmkqiema&w=260&h=260,$3.30,$27.50 / 1KG,4.5,456, Add to cart , Save to list 
Macro Firm Tofu 450g,https://www.woolworths.com.au/shop/productdetails/23038/macro-firm-tofu,,https://assets.woolworths.com.au/images/1005/23038.jpg?impolicy=wowsmkqiema&w=260&h=260,$3.00,$6.67 / 1KG,4.2,413, Add to cart , Save to list 
Woolworths Strawberry Yoghurt Pouch 70g,https://www.woolworths.com.au/shop/productdetails/891955/woolworths-strawberry-yoghurt-pouch,,https://assets.woolworths.com.au/images/1005/891955.jpg?impolicy=wowsmkqiema&w=260&h=260,$0.75,$1.07 / 100G,4.3,1182, Add to cart , Save to list 
Woolworths Vanilla Yoghurt Pouch 70g,https://www.woolworths.com.au/shop/productdetails/891954/woolworths-vanilla-yoghurt-pouch,,https://assets.woolworths.com.au/images/1005/891954.jpg?impolicy=wowsmkqiema&w=260&h=260,$0.75,$1.07 / 100G,4.4,966, Add to cart , Save to list 
V2 Plant Based Sausages Garlic & Herb 6 Pack,https://www.woolworths.com.au/shop/productdetails/238197/v2-plant-based-sausages-garlic-herb,,https://assets.woolworths.com.au/images/1005/238197.jpg?impolicy=wowsmkqiema&w=260&h=260,$9.50,$24.36 / 1KG,,, Add to cart , Save to list 
Woolworths Curried Sausages Chilled Meal 800g,https://www.woolworths.com.au/shop/productdetails/674327/woolworths-curried-sausages-chilled-meal,,https://assets.woolworths.com.au/images/1005/674327.jpg?impolicy=wowsmkqiema&w=260&h=260,$13.50,$1.69 / 100G,4.1,315, Add to cart , Save to list 
Woolworths Beef Stroganoff Chilled Meal 350g,https://www.woolworths.com.au/shop/productdetails/134246/woolworths-beef-stroganoff-chilled-meal,,https://assets.woolworths.com.au/images/1005/134246.jpg?impolicy=wowsmkqiema&w=260&h=260,$10.00,$2.86 / 100G,3.3,645, Add to cart , Save to list 
Sanitarium So Good Chilled Barista Almond Milk 1l,https://www.woolworths.com.au/shop/productdetails/155365/sanitarium-so-good-chilled-barista-almond-milk,https://www.woolworths.com.au/content/promotiontags/project-harvest-roundel-1-for-1-v2-200x200.png,https://assets.woolworths.com.au/images/1005/155365.jpg?impolicy=wowsmkqiema&w=260&h=260,$4.50,$4.50 / 1L,,, Add to cart , Save to list 
Yoplait Vanilla Yoghurt 1kg,https://www.woolworths.com.au/shop/productdetails/253798/yoplait-vanilla-yoghurt,https://www.woolworths.com.au/content/promotiontags/project-harvest-roundel-1-for-1-v2-200x200.png,https://assets.woolworths.com.au/images/1005/253798.jpg?impolicy=wowsmkqiema&w=260&h=260,$4.50,$0.45 / 100G,,, Add to cart , Save to list 
Woolworths Baby Rocket 60g,https://www.woolworths.com.au/shop/productdetails/380580/woolworths-baby-rocket,,https://assets.woolworths.com.au/images/1005/380580.jpg?impolicy=wowsmkqiema&w=260&h=260,$2.20,$36.67 / 1KG,4.5,695, Add to cart , Save to list 
Yakult Probiotic Drink 10x65ml,https://www.woolworths.com.au/shop/productdetails/170740/yakult-probiotic-drink,,https://assets.woolworths.com.au/images/1005/170740.jpg?impolicy=wowsmkqiema&w=260&h=260,$7.70,$11.85 / 1L,,, Add to cart , Save to list 
Woolworths Natural Greek Style Yoghurt 1kg,https://www.woolworths.com.au/shop/productdetails/571487/woolworths-natural-greek-style-yoghurt,,https://assets.woolworths.com.au/images/1005/571487.jpg?impolicy=wowsmkqiema&w=260&h=260,$4.40,$0.44 / 100G,4.6,384, Add to cart , Save to list 
Tamar Valley Dairy Kids Greek Yoghurt Pouch Strawberry 110g,https://www.woolworths.com.au/shop/productdetails/508827/tamar-valley-dairy-kids-greek-yoghurt-pouch-strawberry,,https://assets.woolworths.com.au/images/1005/508827.jpg?impolicy=wowsmkqiema&w=260&h=260,$2.40,$2.18 / 100G,,, Add to cart , Save to list 
Woolworths Banana Yoghurt Pouch 70g,https://www.woolworths.com.au/shop/productdetails/569764/woolworths-banana-yoghurt-pouch,,https://assets.woolworths.com.au/images/1005/569764.jpg?impolicy=wowsmkqiema&w=260&h=260,$0.75,$1.07 / 100G,4.3,381, Add to cart , Save to list 
Vaalia Kids Probiotic Yoghurt Pouch Vanilla 140g,https://www.woolworths.com.au/shop/productdetails/331445/vaalia-kids-probiotic-yoghurt-pouch-vanilla,,https://assets.woolworths.com.au/images/1005/331445.jpg?impolicy=wowsmkqiema&w=260&h=260,$1.70,$1.21 / 100G,,, Add to cart , Save to list 
Vaalia Kids Probiotic Yoghurt Pouch Strawberry 140g,https://www.woolworths.com.au/shop/productdetails/331448/vaalia-kids-probiotic-yoghurt-pouch-strawberry,,https://assets.woolworths.com.au/images/1005/331448.jpg?impolicy=wowsmkqiema&w=260&h=260,,,,,, Save to list 
Tamar Valley Dairy Kids Greek Yoghurt Pouch Vanilla 110g,https://www.woolworths.com.au/shop/productdetails/508826/tamar-valley-dairy-kids-greek-yoghurt-pouch-vanilla,https://www.woolworths.com.au/content/promotiontags/roundel-special-200x200.png,https://assets.woolworths.com.au/images/1005/508826.jpg?impolicy=wowsmkqiema&w=260&h=260,$1.60,$1.45 / 100G,,, Add to cart , Save to list 
Tamar Valley Dairy Kids Greek Yoghurt Pouch Blueberry 110g,https://www.woolworths.com.au/shop/productdetails/660435/tamar-valley-dairy-kids-greek-yoghurt-pouch-blueberry,,https://assets.woolworths.com.au/images/1005/660435.jpg?impolicy=wowsmkqiema&w=260&h=260,$2.40,$2.18 / 100G,,, Add to cart , Save to list 
Woolworths Baby Mixed Leaf Salad Salad Mix 300g,https://www.woolworths.com.au/shop/productdetails/447762/woolworths-baby-mixed-leaf-salad-salad-mix,https://www.woolworths.com.au/content/promotiontags/supporting-aus-grown-roundel-200x200.png,https://assets.woolworths.com.au/images/1005/447762.jpg?impolicy=wowsmkqiema&w=260&h=260,$5.50,$18.33 / 1KG,4.5,359, Add to cart , Save to list 
Woolworths Ricotta Light Cheese 375g,https://www.woolworths.com.au/shop/productdetails/476205/woolworths-ricotta-light-cheese,,https://assets.woolworths.com.au/images/1005/476205.jpg?impolicy=wowsmkqiema&w=260&h=260,$3.30,$8.80 / 1KG,4.3,1279, Add to cart , Save to list 
Macro Satay Tofu 200g,https://www.woolworths.com.au/shop/productdetails/748945/macro-satay-tofu,,https://assets.woolworths.com.au/images/1005/748945.jpg?impolicy=wowsmkqiema&w=260&h=260,$4.50,$22.50 / 1KG,4.1,474, Add to cart , Save to list 
Tamar Valley Dairy Kids Greek Yoghurt Pouch Tropical 110g,https://www.woolworths.com.au/shop/productdetails/509491/tamar-valley-dairy-kids-greek-yoghurt-pouch-tropical,,https://assets.woolworths.com.au/images/1005/509491.jpg?impolicy=wowsmkqiema&w=260&h=260,$2.40,$2.18 / 100G,,, Add to cart , Save to list 
Yoplait Petit Miam Kids Yoghurt Pouch Strawberry 70g,https://www.woolworths.com.au/shop/productdetails/312191/yoplait-petit-miam-kids-yoghurt-pouch-strawberry,https://www.woolworths.com.au/content/promotiontags/project-harvest-roundel-2-for-1-v2-200x200.png,https://assets.woolworths.com.au/images/1005/312191.jpg?impolicy=wowsmkqiema&w=260&h=260,$1.00,$1.43 / 100G,5.0,1, Add to cart , Save to list 
Tamar Valley Dairy Kids Greek Yoghurt Pouch Raspberry 110g,https://www.woolworths.com.au/shop/productdetails/862414/tamar-valley-dairy-kids-greek-yoghurt-pouch-raspberry,,https://assets.woolworths.com.au/images/1005/862414.jpg?impolicy=wowsmkqiema&w=260&h=260,$2.40,$2.18 / 100G,,, Add to cart , Save to list 
Woolworths Ricotta Cheese Smooth 375g,https://www.woolworths.com.au/shop/productdetails/474591/woolworths-ricotta-cheese-smooth,,https://assets.woolworths.com.au/images/1005/474591.jpg?impolicy=wowsmkqiema&w=260&h=260,$3.30,$8.80 / 1KG,4.5,612, Add to cart , Save to list 
Yopro High Protein Vanilla Greek Yoghurt 160g,https://www.woolworths.com.au/shop/productdetails/646684/yopro-high-protein-vanilla-greek-yoghurt,,https://assets.woolworths.com.au/images/1005/646684.jpg?impolicy=wowsmkqiema&w=260&h=260,,,,,, Save to list 
Woolworths Uht Full Cream Milk 1l,https://www.woolworths.com.au/shop/productdetails/748595/woolworths-uht-full-cream-milk,,https://assets.woolworths.com.au/images/1005/748595.jpg?impolicy=wowsmkqiema&w=260&h=260,$1.60,$1.60 / 1L,4.6,401, Add to cart , Save to list 
Woolworths Baby Leaf Beetroot Salad With Beetroot Bag 180g,https://www.woolworths.com.au/shop/productdetails/317566/woolworths-baby-leaf-beetroot-salad-with-beetroot-bag,https://www.woolworths.com.au/content/promotiontags/supporting-aus-grown-roundel-200x200.png,https://assets.woolworths.com.au/images/1005/317566.jpg?impolicy=wowsmkqiema&w=260&h=260,$4.50,$25.00 / 1KG,4.4,603, Add to cart , Save to list 
Woolworths 98% Fat Free Yoghurt Strawberry 1kg,https://www.woolworths.com.au/shop/productdetails/571484/woolworths-98-fat-free-yoghurt-strawberry,,https://assets.woolworths.com.au/images/1005/571484.jpg?impolicy=wowsmkqiema&w=260&h=260,$4.00,$0.40 / 100G,,, Add to cart , Save to list 
Woolworths Baby Spinach & Rocket & Rocket 120g,https://www.woolworths.com.au/shop/productdetails/705439/woolworths-baby-spinach-rocket-rocket,,https://assets.woolworths.com.au/images/1005/705439.jpg?impolicy=wowsmkqiema&w=260&h=260,$3.00,$25.00 / 1KG,4.4,543, Add to cart , Save to list 
Macro Classic Tofu Regular 300g,https://www.woolworths.com.au/shop/productdetails/695085/macro-classic-tofu-regular,,https://assets.woolworths.com.au/images/1005/695085.jpg?impolicy=wowsmkqiema&w=260&h=260,$2.30,$7.67 / 1KG,4.0,328, Add to cart , Save to list 
Yoplait Classics Yoghurt 12x100g,https://www.woolworths.com.au/shop/productdetails/717672/yoplait-classics-yoghurt,https://www.woolworths.com.au/content/promotiontags/project-harvest-roundel-1-for-1-v2-200x200.png,https://assets.woolworths.com.au/images/1005/717672.jpg?impolicy=wowsmkqiema&w=260&h=260,$7.50,$0.63 / 100G,5.0,1, Add to cart , Save to list 
Woolworths Leafy Mix Salad 120g,https://www.woolworths.com.au/shop/productdetails/827628/woolworths-leafy-mix-salad,https://www.woolworths.com.au/content/promotiontags/supporting-aus-grown-roundel-200x200.png,https://assets.woolworths.com.au/images/1005/827628.jpg?impolicy=wowsmkqiema&w=260&h=260,$2.00,$16.67 / 1KG,4.4,450, Add to cart , Save to list 
Macro Silken Tofu 300g,https://www.woolworths.com.au/shop/productdetails/695083/macro-silken-tofu,,https://assets.woolworths.com.au/images/1005/695083.jpg?impolicy=wowsmkqiema&w=260&h=260,,,3.9,686,, Save to list 
Yoplait Vanilla Yoghurts 6 Pack,https://www.woolworths.com.au/shop/productdetails/62968/yoplait-vanilla-yoghurts,https://www.woolworths.com.au/content/promotiontags/roundel-special-200x200.png,https://assets.woolworths.com.au/images/1005/62968.jpg?impolicy=wowsmkqiema&w=260&h=260,$4.80,$0.50 / 100G,,, Add to cart , Save to list 
Yoplait Strawberry Yoghurt 1kg,https://www.woolworths.com.au/shop/productdetails/253791/yoplait-strawberry-yoghurt,https://www.woolworths.com.au/content/promotiontags/project-harvest-roundel-1-for-1-v2-200x200.png,https://assets.woolworths.com.au/images/1005/253791.jpg?impolicy=wowsmkqiema&w=260&h=260,$4.50,$0.45 / 100G,,, Add to cart , Save to list 
Western Star Original Spreadable 500g,https://www.woolworths.com.au/shop/productdetails/69756/western-star-original-spreadable,,https://assets.woolworths.com.au/images/1005/69756.jpg?impolicy=wowsmkqiema&w=260&h=260,$6.50,$1.30 / 100G,,, Add to cart , Save to list 
Yopro High Protein Strawberry Greek Yoghurt 160g,https://www.woolworths.com.au/shop/productdetails/646706/yopro-high-protein-strawberry-greek-yoghurt,,https://assets.woolworths.com.au/images/1005/646706.jpg?impolicy=wowsmkqiema&w=260&h=260,,,,,, Save to list 
Yopro High Protein Vanilla Greek Yoghurt 700g,https://www.woolworths.com.au/shop/productdetails/867015/yopro-high-protein-vanilla-greek-yoghurt,,https://assets.woolworths.com.au/images/1005/867015.jpg?impolicy=wowsmkqiema&w=260&h=260,,,,,, Save to list 
Vaalia Kids Probiotic Yoghurt Pouch Tropical 140g,https://www.woolworths.com.au/shop/productdetails/360392/vaalia-kids-probiotic-yoghurt-pouch-tropical,,https://assets.woolworths.com.au/images/1005/360392.jpg?impolicy=wowsmkqiema&w=260&h=260,,,,,, Save to list 
Perfect Italiano Original Ricotta 250g,https://www.woolworths.com.au/shop/productdetails/97321/perfect-italiano-original-ricotta,,https://assets.woolworths.com.au/images/1005/97321.jpg?impolicy=wowsmkqiema&w=260&h=260,$4.80,$19.20 / 1KG,,, Add to cart , Save to list 
Woolworths Yoghurt Pouch Blueberry 70g,https://www.woolworths.com.au/shop/productdetails/86205/woolworths-yoghurt-pouch-blueberry,,https://assets.woolworths.com.au/images/1005/86205.jpg?impolicy=wowsmkqiema&w=260&h=260,$0.75,$1.07 / 100G,3.8,1023, Add to cart , Save to list 
Vaalia Kids Probiotic Yoghurt Pouch Banana 140g,https://www.woolworths.com.au/shop/productdetails/374976/vaalia-kids-probiotic-yoghurt-pouch-banana,,https://assets.woolworths.com.au/images/1005/374976.jpg?impolicy=wowsmkqiema&w=260&h=260,$1.70,$1.21 / 100G,,, Add to cart , Save to list 
Pauls Zymil Low Fat Milk 2l,https://www.woolworths.com.au/shop/productdetails/335284/pauls-zymil-low-fat-milk,,https://assets.woolworths.com.au/images/1005/335284.jpg?impolicy=wowsmkqiema&w=260&h=260,$6.60,$3.30 / 1L,,, Add to cart , Save to list 
Pauls Zymil Light Lactose Free Milk 1l,https://www.woolworths.com.au/shop/productdetails/144000/pauls-zymil-light-lactose-free-milk,,https://assets.woolworths.com.au/images/1005/144000.jpg?impolicy=wowsmkqiema&w=260&h=260,$3.90,$3.90 / 1L,,, Add to cart , Save to list 
Yoplait Petit Miam Kids Yoghurt Pouch Blueberry 70g,https://www.woolworths.com.au/shop/productdetails/374587/yoplait-petit-miam-kids-yoghurt-pouch-blueberry,https://www.woolworths.com.au/content/promotiontags/project-harvest-roundel-2-for-1-v2-200x200.png,https://assets.woolworths.com.au/images/1005/374587.jpg?impolicy=wowsmkqiema&w=260&h=260,$1.00,$1.43 / 100G,5.0,1, Add to cart , Save to list 
Farmers Union Greek Style Yogurt Pouch Real Vanilla Bean 130g,https://www.woolworths.com.au/shop/productdetails/663177/farmers-union-greek-style-yogurt-pouch-real-vanilla-bean,,https://assets.woolworths.com.au/images/1005/663177.jpg?impolicy=wowsmkqiema&w=260&h=260,$2.00,$1.54 / 100G,,, Add to cart , Save to list 
Dairy Farmers Thick & Creamy Strawberry Yoghurt 600g,https://www.woolworths.com.au/shop/productdetails/768096/dairy-farmers-thick-creamy-strawberry-yoghurt,https://www.woolworths.com.au/content/promotiontags/roundel-special-200x200.png,https://assets.woolworths.com.au/images/1005/768096.jpg?impolicy=wowsmkqiema&w=260&h=260,$4.00,$0.67 / 100G,,, Add to cart , Save to list 
Macro Honey Soy Tofu 200g,https://www.woolworths.com.au/shop/productdetails/748944/macro-honey-soy-tofu,,https://assets.woolworths.com.au/images/1005/748944.jpg?impolicy=wowsmkqiema&w=260&h=260,$4.50,$22.50 / 1KG,4.1,651, Add to cart , Save to list 
Yoplait Petit Miam Kids Yoghurt Pouch Vanilla 70g,https://www.woolworths.com.au/shop/productdetails/955270/yoplait-petit-miam-kids-yoghurt-pouch-vanilla,https://www.woolworths.com.au/content/promotiontags/project-harvest-roundel-2-for-1-v2-200x200.png,https://assets.woolworths.com.au/images/1005/955270.jpg?impolicy=wowsmkqiema&w=260&h=260,$1.00,$1.43 / 100G,5.0,1, Add to cart , Save to list 
Dairy Farmers Thick & Creamy Vanilla Yoghurt 4 Pack,https://www.woolworths.com.au/shop/productdetails/124076/dairy-farmers-thick-creamy-vanilla-yoghurt,,https://assets.woolworths.com.au/images/1005/124076.jpg?impolicy=wowsmkqiema&w=260&h=260,$4.40,$1.00 / 100G,,, Add to cart , Save to list 
Yopro High Protein Salted Caramel Greek Yoghurt 160g,https://www.woolworths.com.au/shop/productdetails/83408/yopro-high-protein-salted-caramel-greek-yoghurt,,https://assets.woolworths.com.au/images/1005/83408.jpg?impolicy=wowsmkqiema&w=260&h=260,,,,,, Save to list 
Dairy Farmers Thick & Creamy Strawberry Yoghurt 4 Pack,https://www.woolworths.com.au/shop/productdetails/122681/dairy-farmers-thick-creamy-strawberry-yoghurt,,https://assets.woolworths.com.au/images/1005/122681.jpg?impolicy=wowsmkqiema&w=260&h=260,$4.40,$1.00 / 100G,,, Add to cart , Save to list 
Yoplait Forme Zero French Vanilla Yoghurt 1kg,https://www.woolworths.com.au/shop/productdetails/297764/yoplait-forme-zero-french-vanilla-yoghurt,https://www.woolworths.com.au/content/promotiontags/project-harvest-roundel-1-for-1-v2-200x200.png,https://assets.woolworths.com.au/images/1005/297764.jpg?impolicy=wowsmkqiema&w=260&h=260,$4.50,$0.45 / 100G,,, Add to cart , Save to list 
Woolworths Full Cream Milk 3l,https://www.woolworths.com.au/shop/productdetails/888140/woolworths-full-cream-milk,https://www.woolworths.com.au/content/promotiontags/supporting-aus-milk-roundel-200x200.png,https://assets.woolworths.com.au/images/1005/888140.jpg?impolicy=wowsmkqiema&w=260&h=260,$4.50,$1.50 / 1L,,, Add to cart , Save to list 
Tamar Valley Dairy Greek Style Yoghurt Vanilla Bean 1kg,https://www.woolworths.com.au/shop/productdetails/622945/tamar-valley-dairy-greek-style-yoghurt-vanilla-bean,,https://assets.woolworths.com.au/images/1005/622945.jpg?impolicy=wowsmkqiema&w=260&h=260,$8.00,$0.80 / 100G,,, Add to cart , Save to list 
Dairy Farmers Thick & Creamy Apricot & Vanilla 150g,https://www.woolworths.com.au/shop/productdetails/686460/dairy-farmers-thick-creamy-apricot-vanilla,,https://assets.woolworths.com.au/images/1005/686460.jpg?impolicy=wowsmkqiema&w=260&h=260,$2.50,$1.67 / 100G,,, Add to cart , Save to list 
Yakult Probiotic Drink Light 5x65ml,https://www.woolworths.com.au/shop/productdetails/256106/yakult-probiotic-drink-light,,https://assets.woolworths.com.au/images/1005/256106.jpg?impolicy=wowsmkqiema&w=260&h=260,$4.00,$12.31 / 1L,,, Add to cart , Save to list 
Woolworths Classic Coleslaw 200g,https://www.woolworths.com.au/shop/productdetails/531041/woolworths-classic-coleslaw,,https://assets.woolworths.com.au/images/1005/531041.jpg?impolicy=wowsmkqiema&w=260&h=260,$2.00,$10.00 / 1KG,4.2,481, Add to cart , Save to list 
Yopro High Protein Strawberry Greek Yoghurt Pouch 150g,https://www.woolworths.com.au/shop/productdetails/794607/yopro-high-protein-strawberry-greek-yoghurt-pouch,,https://assets.woolworths.com.au/images/1005/794607.jpg?impolicy=wowsmkqiema&w=260&h=260,,,,,, Save to list 
Bega Cheese Stringers Peelable Cheese 8 Pack,https://www.woolworths.com.au/shop/productdetails/28991/bega-cheese-stringers-peelable-cheese,https://www.woolworths.com.au/content/promotiontags/roundel-special-200x200.png,https://assets.woolworths.com.au/images/1005/28991.jpg?impolicy=wowsmkqiema&w=260&h=260,$5.00,$31.25 / 1KG,,, Add to cart , Save to list 
Gippsland Dairy Watermelon & Strawberry Twist Yoghurt 160g,https://www.woolworths.com.au/shop/productdetails/768081/gippsland-dairy-watermelon-strawberry-twist-yoghurt,,https://assets.woolworths.com.au/images/1005/768081.jpg?impolicy=wowsmkqiema&w=260&h=260,$2.50,$1.56 / 100G,,, Add to cart , Save to list 
Yopro High Protein Vanilla Greek Yoghurt Pouch 150g,https://www.woolworths.com.au/shop/productdetails/794731/yopro-high-protein-vanilla-greek-yoghurt-pouch,,https://assets.woolworths.com.au/images/1005/794731.jpg?impolicy=wowsmkqiema&w=260&h=260,,,,,, Save to list 
Chobani Blueberry Greek Yogurt Pouch 140g,https://www.woolworths.com.au/shop/productdetails/768097/chobani-blueberry-greek-yogurt-pouch-yoghurt-pouch,https://www.woolworths.com.au/content/promotiontags/roundel-special-200x200.png,https://assets.woolworths.com.au/images/1005/768097.jpg?impolicy=wowsmkqiema&w=260&h=260,$2.00,$1.43 / 100G,,, Add to cart , Save to list 
Yoplait Mango Yoghurt 1kg,https://www.woolworths.com.au/shop/productdetails/253784/yoplait-mango-yoghurt,https://www.woolworths.com.au/content/promotiontags/project-harvest-roundel-1-for-1-v2-200x200.png,https://assets.woolworths.com.au/images/1005/253784.jpg?impolicy=wowsmkqiema&w=260&h=260,$4.50,$0.45 / 100G,,, Add to cart , Save to list 
Farmers Union Greek Style Natural Yoghurt 1kg,https://www.woolworths.com.au/shop/productdetails/31547/farmers-union-greek-style-natural-yoghurt,,https://assets.woolworths.com.au/images/1005/31547.jpg?impolicy=wowsmkqiema&w=260&h=260,$6.00,$0.60 / 100G,,, Add to cart , Save to list 
Yopro High Protein Mango Greek Yoghurt 160g,https://www.woolworths.com.au/shop/productdetails/646685/yopro-high-protein-mango-greek-yoghurt,,https://assets.woolworths.com.au/images/1005/646685.jpg?impolicy=wowsmkqiema&w=260&h=260,,,,,, Save to list 
Yogo Choc Rock Custard Dessert 12x100g,https://www.woolworths.com.au/shop/productdetails/156293/yogo-choc-rock-custard-dessert-dessert,https://www.woolworths.com.au/content/promotiontags/roundel-special-200x200.png,https://assets.woolworths.com.au/images/1005/156293.jpg?impolicy=wowsmkqiema&w=260&h=260,$7.00,$0.58 / 100G,,, Add to cart , Save to list 
Pauls Zymil Lactose Free Full Cream Long Life Milk 1l,https://www.woolworths.com.au/shop/productdetails/730998/pauls-zymil-lactose-free-full-cream-long-life-milk,,https://assets.woolworths.com.au/images/1005/730998.jpg?impolicy=wowsmkqiema&w=260&h=260,$3.00,$3.00 / 1L,,, Add to cart , Save to list 
Farmers Union Greek Style Yoghurt Pouch Hint Of Real Mango 130g,https://www.woolworths.com.au/shop/productdetails/686455/farmers-union-greek-style-yoghurt-pouch-hint-of-real-mango,,https://assets.woolworths.com.au/images/1005/686455.jpg?impolicy=wowsmkqiema&w=260&h=260,$2.00,$1.54 / 100G,,, Add to cart , Save to list 
Tamar Valley Dairy Yoghurt Strawberry & Cream 170g,https://www.woolworths.com.au/shop/productdetails/167552/tamar-valley-dairy-yoghurt-strawberry-cream,https://www.woolworths.com.au/content/promotiontags/roundel-special-200x200.png,https://assets.woolworths.com.au/images/1005/167552.jpg?impolicy=wowsmkqiema&w=260&h=260,$2.20,$1.29 / 100G,,, Add to cart , Save to list 
Woolworths Uht Skim Milk 1l,https://www.woolworths.com.au/shop/productdetails/748597/woolworths-uht-skim-milk,,https://assets.woolworths.com.au/images/1005/748597.jpg?impolicy=wowsmkqiema&w=260&h=260,$1.60,$1.60 / 1L,4.2,323, Add to cart , Save to list 
Chobani Strawberry Greek Yogurt Pouch 140g,https://www.woolworths.com.au/shop/productdetails/768123/chobani-strawberry-greek-yogurt-pouch-greek-yoghurt-pouch,https://www.woolworths.com.au/content/promotiontags/roundel-special-200x200.png,https://assets.woolworths.com.au/images/1005/768123.jpg?impolicy=wowsmkqiema&w=260&h=260,$2.00,$1.43 / 100G,,, Add to cart , Save to list 
Yopro High Protein Banana Greek Yoghurt 160g,https://www.woolworths.com.au/shop/productdetails/689557/yopro-high-protein-banana-greek-yoghurt,,https://assets.woolworths.com.au/images/1005/689557.jpg?impolicy=wowsmkqiema&w=260&h=260,,,,,, Save to list 
Dairy Farmers Thick & Creamy Classic Vanilla Yoghurt 600g,https://www.woolworths.com.au/shop/productdetails/777321/dairy-farmers-thick-creamy-classic-vanilla-yoghurt,https://www.woolworths.com.au/content/promotiontags/roundel-special-200x200.png,https://assets.woolworths.com.au/images/1005/777321.jpg?impolicy=wowsmkqiema&w=260&h=260,$4.00,$0.67 / 100G,,, Add to cart , Save to list 
Cocobella Dairy Free Coconut Yoghurt Vanilla 500g,https://www.woolworths.com.au/shop/productdetails/688826/cocobella-dairy-free-coconut-yoghurt-vanilla,,https://assets.woolworths.com.au/images/1005/688826.jpg?impolicy=wowsmkqiema&w=260&h=260,$6.00,$1.20 / 100G,,, Add to cart , Save to list 
Yopro High Protein Passionfruit Greek Yoghurt 160g,https://www.woolworths.com.au/shop/productdetails/648070/yopro-high-protein-passionfruit-greek-yoghurt,,https://assets.woolworths.com.au/images/1005/648070.jpg?impolicy=wowsmkqiema&w=260&h=260,,,,,, Save to list 
Woolworths Lettuce Iceberg Blend Lettuce Blend 300g,https://www.woolworths.com.au/shop/productdetails/447755/woolworths-lettuce-iceberg-blend-lettuce-blend,,https://assets.woolworths.com.au/images/1005/447755.jpg?impolicy=wowsmkqiema&w=260&h=260,$3.00,$10.00 / 1KG,3.8,504, Add to cart , Save to list 
Dairy Farmers Thick & Creamy Classic Vanilla Yoghurt 150g,https://www.woolworths.com.au/shop/productdetails/777320/dairy-farmers-thick-creamy-classic-vanilla-yoghurt,,https://assets.woolworths.com.au/images/1005/777320.jpg?impolicy=wowsmkqiema&w=260&h=260,$2.50,$1.67 / 100G,,, Add to cart , Save to list 
Tamar Valley Dairy Yoghurt Mango & Cream 170g,https://www.woolworths.com.au/shop/productdetails/167374/tamar-valley-dairy-yoghurt-mango-cream-yoghurt-mango-cream,https://www.woolworths.com.au/content/promotiontags/roundel-special-200x200.png,https://assets.woolworths.com.au/images/1005/167374.jpg?impolicy=wowsmkqiema&w=260&h=260,$2.20,$1.29 / 100G,,, Add to cart , Save to list 
Yoplait Petit Miam Kids Yoghurt Pouch Banana 70g,https://www.woolworths.com.au/shop/productdetails/312195/yoplait-petit-miam-kids-yoghurt-pouch-banana,https://www.woolworths.com.au/content/promotiontags/project-harvest-roundel-2-for-1-v2-200x200.png,https://assets.woolworths.com.au/images/1005/312195.jpg?impolicy=wowsmkqiema&w=260&h=260,$1.00,$1.43 / 100G,,, Add to cart , Save to list 
Pauls Zymil Lactose Free Full Cream Milk 1l,https://www.woolworths.com.au/shop/productdetails/261178/pauls-zymil-lactose-free-full-cream-milk,,https://assets.woolworths.com.au/images/1005/261178.jpg?impolicy=wowsmkqiema&w=260&h=260,,,,,, Save to list 
Vaalia Kids Probiotic Yoghurt Pouch Lactose Free Strawberry 140g,https://www.woolworths.com.au/shop/productdetails/751890/vaalia-kids-probiotic-yoghurt-pouch-lactose-free-strawberry,,https://assets.woolworths.com.au/images/1005/751890.jpg?impolicy=wowsmkqiema&w=260&h=260,,,,,, Save to list 
Yoplait Petit Miam Kids Yoghurt Pouch Strawberry & Banana 70g,https://www.woolworths.com.au/shop/productdetails/125177/yoplait-petit-miam-kids-yoghurt-pouch-strawberry-banana,https://www.woolworths.com.au/content/promotiontags/project-harvest-roundel-2-for-1-v2-200x200.png,https://assets.woolworths.com.au/images/1005/125177.jpg?impolicy=wowsmkqiema&w=260&h=260,$1.00,$1.43 / 100G,,, Add to cart , Save to list 
Western Star Original Spreadable 375g,https://www.woolworths.com.au/shop/productdetails/31727/western-star-original-spreadable,https://www.woolworths.com.au/content/promotiontags/online-only-special-green-roundel.png,https://assets.woolworths.com.au/images/1005/31727.jpg?impolicy=wowsmkqiema&w=260&h=260,$4.40,$1.17 / 100G,,, Add to cart , Save to list 
Pauls Zymil Lactose Free Low Fat Long Life Milk 1l,https://www.woolworths.com.au/shop/productdetails/146547/pauls-zymil-lactose-free-low-fat-long-life-milk,,https://assets.woolworths.com.au/images/1005/146547.jpg?impolicy=wowsmkqiema&w=260&h=260,$3.00,$3.00 / 1L,,, Add to cart , Save to list 
Woolworths Odd Bunch Chopped Spinach 400g,https://www.woolworths.com.au/shop/productdetails/135449/woolworths-odd-bunch-chopped-spinach,,https://assets.woolworths.com.au/images/1005/135449.jpg?impolicy=wowsmkqiema&w=260&h=260,$5.50,$13.75 / 1KG,4.4,309, Add to cart , Save to list 
Vaalia Probiotic Yoghurt French Vanilla 150gx 4 Pack,https://www.woolworths.com.au/shop/productdetails/44934/vaalia-probiotic-yoghurt-french-vanilla,,https://assets.woolworths.com.au/images/1005/44934.jpg?impolicy=wowsmkqiema&w=260&h=260,$5.30,$0.88 / 100G,,, Add to cart , Save to list 
Yoplait Berry Punnet Mixed Yoghurts 6 Pack,https://www.woolworths.com.au/shop/productdetails/60598/yoplait-berry-punnet-mixed-yoghurts,,https://assets.woolworths.com.au/images/1005/60598.jpg?impolicy=wowsmkqiema&w=260&h=260,,,,,, Save to list 
Pauls Zymil Lactose Free Full Cream Milk 2l,https://www.woolworths.com.au/shop/productdetails/785722/pauls-zymil-lactose-free-full-cream-milk,,https://assets.woolworths.com.au/images/1005/785722.jpg?impolicy=wowsmkqiema&w=260&h=260,$6.60,$3.30 / 1L,,, Add to cart , Save to list 
Yoplait Forme Zero Berry Harvest Yoghurts 6 Pack,https://www.woolworths.com.au/shop/productdetails/62933/yoplait-forme-zero-berry-harvest-yoghurts,https://www.woolworths.com.au/content/promotiontags/roundel-special-200x200.png,https://assets.woolworths.com.au/images/1005/62933.jpg?impolicy=wowsmkqiema&w=260&h=260,$4.80,$0.50 / 100G,,, Add to cart , Save to list 
Woolworths Caesar Salad Kit Kit 290g,https://www.woolworths.com.au/shop/productdetails/233376/woolworths-caesar-salad-kit-kit,,https://assets.woolworths.com.au/images/1005/233376.jpg?impolicy=wowsmkqiema&w=260&h=260,$5.50,$18.97 / 1KG,4.5,20, Add to cart , Save to list 
Tamar Valley Dairy Greek Style Yoghurt 500g,https://www.woolworths.com.au/shop/productdetails/922679/tamar-valley-dairy-greek-style-yoghurt,,https://assets.woolworths.com.au/images/1005/922679.jpg?impolicy=wowsmkqiema&w=260&h=260,$4.50,$0.90 / 100G,,, Add to cart , Save to list 
Vaalia Kids Probiotic Yoghurt Pouch Lactose Free Vanilla 140g,https://www.woolworths.com.au/shop/productdetails/751971/vaalia-kids-probiotic-yoghurt-pouch-lactose-free-vanilla,,https://assets.woolworths.com.au/images/1005/751971.jpg?impolicy=wowsmkqiema&w=260&h=260,$1.70,$1.21 / 100G,,, Add to cart , Save to list 
Yoplait Classics Mixed Yoghurts 6 Pack,https://www.woolworths.com.au/shop/productdetails/60997/yoplait-classics-mixed-yoghurts,,https://assets.woolworths.com.au/images/1005/60997.jpg?impolicy=wowsmkqiema&w=260&h=260,,,,,, Save to list 
Tamar Valley Dairy Greek Style Yoghurt 1kg,https://www.woolworths.com.au/shop/productdetails/622935/tamar-valley-dairy-greek-style-yoghurt-natural,,https://assets.woolworths.com.au/images/1005/622935.jpg?impolicy=wowsmkqiema&w=260&h=260,$8.00,$0.80 / 100G,,, Add to cart , Save to list 
Yumi's Traditional Middle Eastern Hommus Dip 200g,https://www.woolworths.com.au/shop/productdetails/323081/yumi-s-traditional-middle-eastern-hommus-dip,https://www.woolworths.com.au/content/promotiontags/roundel-special-200x200.png,https://assets.woolworths.com.au/images/1005/323081.jpg?impolicy=wowsmkqiema&w=260&h=260,$3.30,$1.65 / 100G,,, Add to cart , Save to list 
Farmers Union Greek Style Yogurt Vanilla 950g,https://www.woolworths.com.au/shop/productdetails/472302/farmers-union-greek-style-yogurt-vanilla,,https://assets.woolworths.com.au/images/1005/472302.jpg?impolicy=wowsmkqiema&w=260&h=260,$6.00,$0.63 / 100G,,, Add to cart , Save to list 
Woolworths Leafy Mix Salad 200g,https://www.woolworths.com.au/shop/productdetails/714823/woolworths-leafy-mix-salad,https://www.woolworths.com.au/content/promotiontags/supporting-aus-grown-roundel-200x200.png,https://assets.woolworths.com.au/images/1005/714823.jpg?impolicy=wowsmkqiema&w=260&h=260,$3.00,$15.00 / 1KG,4.6,672, Add to cart , Save to list 
Woolworths Lettuce Iceberg Shredded Lettuce 200g,https://www.woolworths.com.au/shop/productdetails/638009/woolworths-lettuce-iceberg-shredded-lettuce,https://www.woolworths.com.au/content/promotiontags/supporting-aus-grown-roundel-200x200.png,https://assets.woolworths.com.au/images/1005/638009.jpg?impolicy=wowsmkqiema&w=260&h=260,$2.00,$10.00 / 1KG,3.8,374, Add to cart , Save to list 
Dairy Farmers Thick & Creamy Lemon Cream Yoghurt 150g,https://www.woolworths.com.au/shop/productdetails/768053/dairy-farmers-thick-creamy-lemon-cream-yoghurt,,https://assets.woolworths.com.au/images/1005/768053.jpg?impolicy=wowsmkqiema&w=260&h=260,$2.50,$1.67 / 100G,,, Add to cart , Save to list 
Woolworths Crunchy Noodle Coleslaw Kit Coleslaw Kit 520g,https://www.woolworths.com.au/shop/productdetails/193753/woolworths-crunchy-noodle-coleslaw-kit-coleslaw-kit,,https://assets.woolworths.com.au/images/1005/193753.jpg?impolicy=wowsmkqiema&w=260&h=260,$4.50,$8.65 / 1KG,4.3,574, Add to cart , Save to list 
Evergreen Wonton Wrappers 300g,https://www.woolworths.com.au/shop/productdetails/120049/evergreen-wonton-wrappers,,https://assets.woolworths.com.au/images/1005/120049.jpg?impolicy=wowsmkqiema&w=260&h=260,$3.00,$1.00 / 100G,,, Add to cart , Save to list 
Ultimate Yoghurt Strawberries & Cream 4 Pack,https://www.woolworths.com.au/shop/productdetails/706239/ultimate-yoghurt-strawberries-cream,,https://assets.woolworths.com.au/images/1005/706239.jpg?impolicy=wowsmkqiema&w=260&h=260,,,,,, Save to list 
Yopro High Protein Mango Greek Yoghurt Pouch 150g,https://www.woolworths.com.au/shop/productdetails/794937/yopro-high-protein-mango-greek-yoghurt-pouch,,https://assets.woolworths.com.au/images/1005/794937.jpg?impolicy=wowsmkqiema&w=260&h=260,,,,,, Save to list 
Pauls Kids Yoghurt Pouch Strawberry Princess 70g,https://www.woolworths.com.au/shop/productdetails/862494/pauls-kids-yoghurt-pouch-strawberry-princess,,https://assets.woolworths.com.au/images/1005/862494.jpg?impolicy=wowsmkqiema&w=260&h=260,$1.20,$1.71 / 100G,,, Add to cart , Save to list 
Woolworths Thickened Cream 600ml,https://www.woolworths.com.au/shop/productdetails/48720/woolworths-thickened-cream,,https://assets.woolworths.com.au/images/1005/48720.jpg?impolicy=wowsmkqiema&w=260&h=260,$4.50,$0.75 / 100ML,4.9,367, Add to cart , Save to list 
Perfect Italiano Original Smooth Ricotta 500g,https://www.woolworths.com.au/shop/productdetails/19682/perfect-italiano-original-smooth-ricotta,,https://assets.woolworths.com.au/images/1005/19682.jpg?impolicy=wowsmkqiema&w=260&h=260,$7.00,$14.00 / 1KG,,, Add to cart , Save to list 
Western Star Supersoft Spreadable 500g,https://www.woolworths.com.au/shop/productdetails/199420/western-star-supersoft-spreadable,,https://assets.woolworths.com.au/images/1005/199420.jpg?impolicy=wowsmkqiema&w=260&h=260,$6.50,$1.30 / 100G,,, Add to cart , Save to list 
Macro Classic Tofu Regular 500g,https://www.woolworths.com.au/shop/productdetails/695086/macro-classic-tofu-regular,,https://assets.woolworths.com.au/images/1005/695086.jpg?impolicy=wowsmkqiema&w=260&h=260,,,3.7,516,, Save to list 
Pauls Zymil Skim Milk 1l,https://www.woolworths.com.au/shop/productdetails/703657/pauls-zymil-skim-milk,,https://assets.woolworths.com.au/images/1005/703657.jpg?impolicy=wowsmkqiema&w=260&h=260,$3.90,$3.90 / 1L,,, Add to cart , Save to list 
Tamar Valley The Creamery Greek Style Yoghurt Blueberries & Cream 170g,https://www.woolworths.com.au/shop/productdetails/167330/tamar-valley-the-creamery-greek-style-yoghurt-blueberries-cream,https://www.woolworths.com.au/content/promotiontags/roundel-special-200x200.png,https://assets.woolworths.com.au/images/1005/167330.jpg?impolicy=wowsmkqiema&w=260&h=260,$2.20,$1.29 / 100G,,, Add to cart , Save to list 
Woolworths Sour Cream 300ml,https://www.woolworths.com.au/shop/productdetails/105609/woolworths-sour-cream,,https://assets.woolworths.com.au/images/1005/105609.jpg?impolicy=wowsmkqiema&w=260&h=260,$3.25,$1.08 / 100ML,4.8,881, Add to cart , Save to list 
Jalna Greek Yoghurt 1kg,https://www.woolworths.com.au/shop/productdetails/331963/jalna-greek-yoghurt,https://www.woolworths.com.au/content/promotiontags/roundel-special-200x200.png,https://assets.woolworths.com.au/images/1005/331963.jpg?impolicy=wowsmkqiema&w=260&h=260,$6.50,$0.65 / 100G,5.0,1, Add to cart , Save to list 
Tamar Valley Dairy Yoghurt Peaches & Cream 170g,https://www.woolworths.com.au/shop/productdetails/167408/tamar-valley-dairy-yoghurt-peaches-cream,https://www.woolworths.com.au/content/promotiontags/roundel-special-200x200.png,https://assets.woolworths.com.au/images/1005/167408.jpg?impolicy=wowsmkqiema&w=260&h=260,$2.20,$1.29 / 100G,,, Add to cart , Save to list 
Yogo Chocolate With Mini M&m's Custard Dessert 150g,https://www.woolworths.com.au/shop/productdetails/156295/yogo-chocolate-with-mini-m-m-s-custard-dessert,https://www.woolworths.com.au/content/promotiontags/roundel-special-200x200.png,https://assets.woolworths.com.au/images/1005/156295.jpg?impolicy=wowsmkqiema&w=260&h=260,$2.40,$1.60 / 100G,,, Add to cart , Save to list 
Yopro High Protein Mixed Berries Greek Yoghurt Pouch 150g,https://www.woolworths.com.au/shop/productdetails/187003/yopro-high-protein-mixed-berries-greek-yoghurt-pouch,,https://assets.woolworths.com.au/images/1005/187003.jpg?impolicy=wowsmkqiema&w=260&h=260,,,,,, Save to list 
Gippsland Dairy Toffee Honeycomb Twist Yoghurt 160g,https://www.woolworths.com.au/shop/productdetails/753880/gippsland-dairy-toffee-honeycomb-twist-yoghurt,,https://assets.woolworths.com.au/images/1005/753880.jpg?impolicy=wowsmkqiema&w=260&h=260,$2.50,$1.56 / 100G,,, Add to cart , Save to list 
Woolworths Soy Milk 1l,https://www.woolworths.com.au/shop/productdetails/779130/woolworths-soy-milk,,https://assets.woolworths.com.au/images/1005/779130.jpg?impolicy=wowsmkqiema&w=260&h=260,$1.15,$1.15 / 1L,4.0,578, Add to cart , Save to list 
Woolworths Baby Spinach & Kale 300g,https://www.woolworths.com.au/shop/productdetails/54901/woolworths-baby-spinach-kale,https://www.woolworths.com.au/content/promotiontags/supporting-aus-grown-roundel-200x200.png,https://assets.woolworths.com.au/images/1005/54901.jpg?impolicy=wowsmkqiema&w=260&h=260,$5.50,$18.33 / 1KG,4.3,365, Add to cart , Save to list 
Yogo Chocolate With Choc Chip Custard Dessert 150g,https://www.woolworths.com.au/shop/productdetails/156294/yogo-chocolate-with-choc-chip-custard-dessert,https://www.woolworths.com.au/content/promotiontags/roundel-special-200x200.png,https://assets.woolworths.com.au/images/1005/156294.jpg?impolicy=wowsmkqiema&w=260&h=260,$2.40,$1.60 / 100G,,, Add to cart , Save to list 
Essentials Table Spread Soft And Spreadable 1kg,https://www.woolworths.com.au/shop/productdetails/29016/essentials-table-spread-soft-and-spreadable,,https://assets.woolworths.com.au/images/1005/29016.jpg?impolicy=wowsmkqiema&w=260&h=260,$3.50,$0.35 / 100G,,, Add to cart , Save to list 
Woolworths Uht Lite Milk 1l,https://www.woolworths.com.au/shop/productdetails/748596/woolworths-uht-lite-milk,,https://assets.woolworths.com.au/images/1005/748596.jpg?impolicy=wowsmkqiema&w=260&h=260,$1.60,$1.60 / 1L,4.3,899, Add to cart , Save to list 
Gippsland Dairy Blueberry Twist Yoghurt 160g,https://www.woolworths.com.au/shop/productdetails/740621/gippsland-dairy-blueberry-twist-yoghurt,,https://assets.woolworths.com.au/images/1005/740621.jpg?impolicy=wowsmkqiema&w=260&h=260,$2.50,$1.56 / 100G,,, Add to cart , Save to list 
Woolworths Thai Salad Kit 315g,https://www.woolworths.com.au/shop/productdetails/515547/woolworths-thai-salad-kit,,https://assets.woolworths.com.au/images/1005/515547.jpg?impolicy=wowsmkqiema&w=260&h=260,$5.50,$1.75 / 100G,4.1,596, Add to cart , Save to list 
Activia Probiotic No Added Sugar Yoghurt Vanilla Bean 4 Pack,https://www.woolworths.com.au/shop/productdetails/706265/activia-probiotic-no-added-sugar-yoghurt-vanilla-bean,,https://assets.woolworths.com.au/images/1005/706265.jpg?impolicy=wowsmkqiema&w=260&h=260,$5.00,$1.00 / 100G,,, Add to cart , Save to list 
Woolworths Kaleslaw Kit 350g,https://www.woolworths.com.au/shop/productdetails/705436/woolworths-kaleslaw-kit,,https://assets.woolworths.com.au/images/1005/705436.jpg?impolicy=wowsmkqiema&w=260&h=260,$5.50,$15.71 / 1KG,4.4,423, Add to cart , Save to list 
Woolworths Fresh Creamy Pumpkin Soup 300g,https://www.woolworths.com.au/shop/productdetails/744855/woolworths-fresh-creamy-pumpkin-soup,,https://assets.woolworths.com.au/images/1005/744855.jpg?impolicy=wowsmkqiema&w=260&h=260,$3.50,$1.17 / 100G,4.4,500, Add to cart , Save to list 
Yopro Perform Mixed Berries High Protein Yoghurt 175g,https://www.woolworths.com.au/shop/productdetails/167289/yopro-perform-mixed-berries-high-protein-yoghurt,,https://assets.woolworths.com.au/images/1005/167289.jpg?impolicy=wowsmkqiema&w=260&h=260,,,,,, Save to list 
Vaalia Kids Probiotic Yoghurt Pouch Limited Edition Honeycomb 140g,https://www.woolworths.com.au/shop/productdetails/166947/vaalia-kids-probiotic-yoghurt-pouch-limited-edition-honeycomb,,https://assets.woolworths.com.au/images/1005/166947.jpg?impolicy=wowsmkqiema&w=260&h=260,$1.70,$1.21 / 100G,,, Add to cart , Save to list 
Vitasoy Calci Plus Soy Milk 1l,https://www.woolworths.com.au/shop/productdetails/42937/vitasoy-calci-plus-soy-milk,,https://assets.woolworths.com.au/images/1005/42937.jpg?impolicy=wowsmkqiema&w=260&h=260,$3.00,$3.00 / 1L,,, Add to cart , Save to list 
Ultimate Yoghurt Honey & Cream 4 Pack,https://www.woolworths.com.au/shop/productdetails/741994/ultimate-yoghurt-honey-cream,,https://assets.woolworths.com.au/images/1005/741994.jpg?impolicy=wowsmkqiema&w=260&h=260,,,,,, Save to list 
Yakult Probiotic Drink 5x65ml,https://www.woolworths.com.au/shop/productdetails/66313/yakult-probiotic-drink,,https://assets.woolworths.com.au/images/1005/66313.jpg?impolicy=wowsmkqiema&w=260&h=260,$4.00,$12.31 / 1L,,, Add to cart , Save to list 
Macro Plain Tempeh 300g,https://www.woolworths.com.au/shop/productdetails/88186/macro-plain-tempeh,,https://assets.woolworths.com.au/images/1005/88186.jpg?impolicy=wowsmkqiema&w=260&h=260,$5.00,$16.67 / 1KG,3.0,495, Add to cart , Save to list 
Vegie Delights Plant Based Vegie Sausages 300g,https://www.woolworths.com.au/shop/productdetails/249730/vegie-delights-plant-based-vegie-sausages,https://www.woolworths.com.au/content/promotiontags/project-harvest-roundel-1-for-1-v2-200x200.png,https://assets.woolworths.com.au/images/1005/249730.jpg?impolicy=wowsmkqiema&w=260&h=260,$7.00,$23.33 / 1KG,,, Add to cart , Save to list 
Hillview Tasty Shredded Cheese 700g,https://www.woolworths.com.au/shop/productdetails/491820/hillview-tasty-shredded-cheese,,https://assets.woolworths.com.au/images/1005/491820.jpg?impolicy=wowsmkqiema&w=260&h=260,$8.50,$12.14 / 1KG,4.5,410, Add to cart , Save to list 
Dairy Farmers Thick & Creamy Yellow Box Honey Yoghurt 150g,https://www.woolworths.com.au/shop/productdetails/768112/dairy-farmers-thick-creamy-yellow-box-honey-yoghurt,,https://assets.woolworths.com.au/images/1005/768112.jpg?impolicy=wowsmkqiema&w=260&h=260,$2.50,$1.67 / 100G,,, Add to cart , Save to list 
Pauls Custard Pouch Bluey Vanilla 70g,https://www.woolworths.com.au/shop/productdetails/751972/pauls-custard-pouch-bluey-vanilla-custard,,https://assets.woolworths.com.au/images/1005/751972.jpg?impolicy=wowsmkqiema&w=260&h=260,$1.90,$2.71 / 100G,,, Add to cart , Save to list 
Chobani Fit Vanilla High Protein Greek Yogurt 170g,https://www.woolworths.com.au/shop/productdetails/695986/chobani-fit-vanilla-high-protein-greek-yogurt,,https://assets.woolworths.com.au/images/1005/695986.jpg?impolicy=wowsmkqiema&w=260&h=260,$2.50,$1.47 / 100G,,, Add to cart , Save to list 
Chobani Vanilla Greek Yogurt Pouch 140g,https://www.woolworths.com.au/shop/productdetails/926531/chobani-vanilla-greek-yogurt-pouch-yoghurt-pouch,https://www.woolworths.com.au/content/promotiontags/roundel-special-200x200.png,https://assets.woolworths.com.au/images/1005/926531.jpg?impolicy=wowsmkqiema&w=260&h=260,$2.00,$1.43 / 100G,,, Add to cart , Save to list 
Chobani Flip Greek Yogurt Cookies & Cream Crunch 140g,https://www.woolworths.com.au/shop/productdetails/687630/chobani-flip-greek-yogurt-cookies-cream-crunch,https://www.woolworths.com.au/content/promotiontags/roundel-special-200x200.png,https://assets.woolworths.com.au/images/1005/687630.jpg?impolicy=wowsmkqiema&w=260&h=260,$2.50,$1.79 / 100G,,, Add to cart , Save to list 
Yoplait Petit Miam Mango Pouch 70g,https://www.woolworths.com.au/shop/productdetails/805964/yoplait-petit-miam-mango-pouch,https://www.woolworths.com.au/content/promotiontags/project-harvest-roundel-2-for-1-v2-200x200.png,https://assets.woolworths.com.au/images/1005/805964.jpg?impolicy=wowsmkqiema&w=260&h=260,$1.00,$1.43 / 100G,,, Add to cart , Save to list 
Yoplait Forme Zero Strawberry Yoghurt 1kg,https://www.woolworths.com.au/shop/productdetails/297767/yoplait-forme-zero-strawberry-yoghurt,https://www.woolworths.com.au/content/promotiontags/project-harvest-roundel-1-for-1-v2-200x200.png,https://assets.woolworths.com.au/images/1005/297767.jpg?impolicy=wowsmkqiema&w=260&h=260,$4.50,$0.45 / 100G,,, Add to cart , Save to list 
Yopro High Protein Strawberry Greek Yoghurt 700g,https://www.woolworths.com.au/shop/productdetails/686250/yopro-high-protein-strawberry-greek-yoghurt,,https://assets.woolworths.com.au/images/1005/686250.jpg?impolicy=wowsmkqiema&w=260&h=260,,,,,, Save to list 
Dairy Farmers Thick & Creamy Caramelised Fig Yoghurt 150g,https://www.woolworths.com.au/shop/productdetails/768121/dairy-farmers-thick-creamy-caramelised-fig-yoghurt,,https://assets.woolworths.com.au/images/1005/768121.jpg?impolicy=wowsmkqiema&w=260&h=260,$2.50,$1.67 / 100G,,, Add to cart , Save to list 
Woolworths Full Cream Milk 2l,https://www.woolworths.com.au/shop/productdetails/888137/woolworths-full-cream-milk,https://www.woolworths.com.au/content/promotiontags/supporting-aus-milk-roundel-200x200.png,https://assets.woolworths.com.au/images/1005/888137.jpg?impolicy=wowsmkqiema&w=260&h=260,$3.10,$1.55 / 1L,,, Add to cart , Save to list 
Jalna Natural Greek Yoghurt 170g,https://www.woolworths.com.au/shop/productdetails/877065/jalna-natural-greek-yoghurt,,https://assets.woolworths.com.au/images/1005/877065.jpg?impolicy=wowsmkqiema&w=260&h=260,$2.40,$1.41 / 100G,,, Add to cart , Save to list 
Chobani Fit Strawberry High Protein Greek Yogurt 170g,https://www.woolworths.com.au/shop/productdetails/689462/chobani-fit-strawberry-high-protein-greek-yogurt,,https://assets.woolworths.com.au/images/1005/689462.jpg?impolicy=wowsmkqiema&w=260&h=260,$2.50,$1.47 / 100G,,, Add to cart , Save to list 
Jalna Pouch Of Purity Strawberry Yoghurt 100g,https://www.woolworths.com.au/shop/productdetails/170038/jalna-pouch-of-purity-strawberry-yoghurt,,https://assets.woolworths.com.au/images/1005/170038.jpg?impolicy=wowsmkqiema&w=260&h=260,$1.95,$1.95 / 100G,5.0,1, Add to cart , Save to list 
Yoplait Petit Miam Kids Yoghurt Pouch Vanilla & Apple 70g,https://www.woolworths.com.au/shop/productdetails/124844/yoplait-petit-miam-kids-yoghurt-pouch-vanilla-apple,https://www.woolworths.com.au/content/promotiontags/project-harvest-roundel-2-for-1-v2-200x200.png,https://assets.woolworths.com.au/images/1005/124844.jpg?impolicy=wowsmkqiema&w=260&h=260,$1.00,$1.43 / 100G,,, Add to cart , Save to list 
Woolworths Fresh Chicken & Corn Soup Asian Style 300g,https://www.woolworths.com.au/shop/productdetails/744840/woolworths-fresh-chicken-corn-soup-asian-style,,https://assets.woolworths.com.au/images/1005/744840.jpg?impolicy=wowsmkqiema&w=260&h=260,$3.50,$1.17 / 100G,4.0,1304, Add to cart , Save to list 
Siggi's Yoghurt Raspberry 125g,https://www.woolworths.com.au/shop/productdetails/862495/siggi-s-yoghurt-raspberry-raspberry,https://www.woolworths.com.au/content/promotiontags/final_only_at_woolworths_roundel_200x200.png,https://assets.woolworths.com.au/images/1005/862495.jpg?impolicy=wowsmkqiema&w=260&h=260,$2.50,$2.00 / 100G,,, Add to cart , Save to list 
Chobani Flip Greek Yogurt Strawberry Shortcake 140g,https://www.woolworths.com.au/shop/productdetails/687605/chobani-flip-greek-yogurt-strawberry-shortcake,https://www.woolworths.com.au/content/promotiontags/roundel-special-200x200.png,https://assets.woolworths.com.au/images/1005/687605.jpg?impolicy=wowsmkqiema&w=260&h=260,$2.50,$1.79 / 100G,,, Add to cart , Save to list 
Vaalia Probiotic Yoghurt Luscious Berries 900g,https://www.woolworths.com.au/shop/productdetails/156241/vaalia-probiotic-yoghurt-luscious-berries,https://www.woolworths.com.au/content/promotiontags/roundel-special-200x200.png,https://assets.woolworths.com.au/images/1005/156241.jpg?impolicy=wowsmkqiema&w=260&h=260,$4.70,$0.52 / 100G,,, Add to cart , Save to list 
Woolworths Fine Cut Coleslaw Coleslaw 300g,https://www.woolworths.com.au/shop/productdetails/315670/woolworths-fine-cut-coleslaw-coleslaw,https://www.woolworths.com.au/content/promotiontags/supporting-aus-grown-roundel-200x200.png,https://assets.woolworths.com.au/images/1005/315670.jpg?impolicy=wowsmkqiema&w=260&h=260,$3.00,$10.00 / 1KG,4.4,846, Add to cart , Save to list 
Jalna Greek Yoghurt 2kg,https://www.woolworths.com.au/shop/productdetails/279766/jalna-greek-yoghurt,,https://assets.woolworths.com.au/images/1005/279766.jpg?impolicy=wowsmkqiema&w=260&h=260,$14.00,$0.70 / 100G,,, Add to cart , Save to list 
Pauls Zymil Thickened Cream Lactose Free 300ml,https://www.woolworths.com.au/shop/productdetails/477605/pauls-zymil-thickened-cream-lactose-free,,https://assets.woolworths.com.au/images/1005/477605.jpg?impolicy=wowsmkqiema&w=260&h=260,$4.00,$1.33 / 100ML,,, Add to cart , Save to list 
Yoplait Forme Zero Classics Yoghurt 6 Pack,https://www.woolworths.com.au/shop/productdetails/125900/yoplait-forme-zero-classics-yoghurt,https://www.woolworths.com.au/content/promotiontags/roundel-special-200x200.png,https://assets.woolworths.com.au/images/1005/125900.jpg?impolicy=wowsmkqiema&w=260&h=260,$4.80,$0.50 / 100G,,, Add to cart , Save to list 
Brownes Wiggles Strawberry Pouch Lactose Free 90g,https://www.woolworths.com.au/shop/productdetails/64025/brownes-wiggles-strawberry-pouch-lactose-free,,https://assets.woolworths.com.au/images/1005/64025.jpg?impolicy=wowsmkqiema&w=260&h=260,$1.10,$1.22 / 100G,,, Add to cart , Save to list 
Woolworths Probiotic Strawberry Yoghurt Pouch 140g,https://www.woolworths.com.au/shop/productdetails/151187/woolworths-probiotic-strawberry-yoghurt-pouch,,https://assets.woolworths.com.au/images/1005/151187.jpg?impolicy=wowsmkqiema&w=260&h=260,$1.30,$0.93 / 100G,4.2,1960, Add to cart , Save to list 
Gippsland Dairy Strawberry Waffle Yoghurt 140g,https://www.woolworths.com.au/shop/productdetails/124190/gippsland-dairy-strawberry-waffle-yoghurt,,https://assets.woolworths.com.au/images/1005/124190.jpg?impolicy=wowsmkqiema&w=260&h=260,$3.85,$2.75 / 100G,,, Add to cart , Save to list 
Yumi's Zucchini & Lentil Bites 225g,https://www.woolworths.com.au/shop/productdetails/531194/yumi-s-zucchini-lentil-bites,,https://assets.woolworths.com.au/images/1005/531194.jpg?impolicy=wowsmkqiema&w=260&h=260,,,,,, Save to list 
Gippsland Dairy Mango & Blood Orange Twist Yoghurt 160g,https://www.woolworths.com.au/shop/productdetails/740596/gippsland-dairy-mango-blood-orange-twist-yoghurt,,https://assets.woolworths.com.au/images/1005/740596.jpg?impolicy=wowsmkqiema&w=260&h=260,$2.50,$1.56 / 100G,5.0,1, Add to cart , Save to list 
Chris' Dips Tzatziki 200g,https://www.woolworths.com.au/shop/productdetails/703500/chris-dips-tzatziki,https://www.woolworths.com.au/content/promotiontags/roundel-buy-more-save-more-200x200.png,https://assets.woolworths.com.au/images/1005/703500.jpg?impolicy=wowsmkqiema&w=260&h=260,$4.00,$2.00 / 100G,,, Add to cart , Save to list 
Woolworths Greek Salad Kit 270g,https://www.woolworths.com.au/shop/productdetails/159626/woolworths-greek-salad-kit,,https://assets.woolworths.com.au/images/1005/159626.jpg?impolicy=wowsmkqiema&w=260&h=260,$6.00,$22.22 / 1KG,3.8,396, Add to cart , Save to list 
Yopro High Protein Salted Caramel Greek Yoghurt Pouch 150g,https://www.woolworths.com.au/shop/productdetails/186982/yopro-high-protein-salted-caramel-greek-yoghurt-pouch,,https://assets.woolworths.com.au/images/1005/186982.jpg?impolicy=wowsmkqiema&w=260&h=260,,,,,, Save to list 
Gippsland Dairy Passionfruit Twist Yoghurt 160g,https://www.woolworths.com.au/shop/productdetails/687826/gippsland-dairy-passionfruit-twist-yoghurt,,https://assets.woolworths.com.au/images/1005/687826.jpg?impolicy=wowsmkqiema&w=260&h=260,$2.50,$1.56 / 100G,,, Add to cart , Save to list 
Woolworths Potato & Leek Soup 300g,https://www.woolworths.com.au/shop/productdetails/412367/woolworths-potato-leek-soup,,https://assets.woolworths.com.au/images/1005/412367.jpg?impolicy=wowsmkqiema&w=260&h=260,$3.50,$1.17 / 100G,4.2,422, Add to cart , Save to list 
Ultimate Yoghurt Blueberry & Cream 4 Pack,https://www.woolworths.com.au/shop/productdetails/706275/ultimate-yoghurt-blueberry-cream,,https://assets.woolworths.com.au/images/1005/706275.jpg?impolicy=wowsmkqiema&w=260&h=260,,,,,, Save to list 
Rafferty's Garden Baby Food No Added Sugar Strawberry Yoghurt 6+ Months 70g,https://www.woolworths.com.au/shop/productdetails/687839/rafferty-s-garden-baby-food-no-added-sugar-strawberry-yoghurt-6-months,,https://assets.woolworths.com.au/images/1005/687839.jpg?impolicy=wowsmkqiema&w=260&h=260,$1.30,$1.86 / 100G,,, Add to cart , Save to list 
Yumi's Traditional Middle Eastern Hommus Dip 1kg,https://www.woolworths.com.au/shop/productdetails/339939/yumi-s-traditional-middle-eastern-hommus-dip,,https://assets.woolworths.com.au/images/1005/339939.jpg?impolicy=wowsmkqiema&w=260&h=260,$8.00,$0.80 / 100G,,, Add to cart , Save to list 
Pantalica Smooth Ricotta 500g,https://www.woolworths.com.au/shop/productdetails/370474/pantalica-smooth-ricotta,,https://assets.woolworths.com.au/images/1005/370474.jpg?impolicy=wowsmkqiema&w=260&h=260,$6.00,$12.00 / 1KG,,, Add to cart , Save to list 
Woolworths Chicken & Vegetable Soup Low Fat 300g,https://www.woolworths.com.au/shop/productdetails/744854/woolworths-chicken-vegetable-soup-low-fat,,https://assets.woolworths.com.au/images/1005/744854.jpg?impolicy=wowsmkqiema&w=260&h=260,$3.50,$1.17 / 100G,3.6,1320, Add to cart , Save to list 
Woolworths Rainbow Coleslaw 300g,https://www.woolworths.com.au/shop/productdetails/702156/woolworths-rainbow-coleslaw,,https://assets.woolworths.com.au/images/1005/702156.jpg?impolicy=wowsmkqiema&w=260&h=260,$3.00,$10.00 / 1KG,4.1,655, Add to cart , Save to list 
Nestle Milo Energy Dairy Snack 150g,https://www.woolworths.com.au/shop/productdetails/623659/nestle-milo-energy-dairy-snack-snack-pouch,,https://assets.woolworths.com.au/images/1005/623659.jpg?impolicy=wowsmkqiema&w=260&h=260,$2.50,$1.67 / 100G,,, Add to cart , Save to list 
Woolworths Creamy Potato Salad 250g,https://www.woolworths.com.au/shop/productdetails/546844/woolworths-creamy-potato-salad,,https://assets.woolworths.com.au/images/1005/546844.jpg?impolicy=wowsmkqiema&w=260&h=260,$3.80,$1.52 / 100G,4.1,669, Add to cart , Save to list 
Woolworths Free From Lactose Full Cream Milk 1l,https://www.woolworths.com.au/shop/productdetails/799811/woolworths-free-from-lactose-full-cream-milk,,https://assets.woolworths.com.au/images/1005/799811.jpg?impolicy=wowsmkqiema&w=260&h=260,$2.00,$2.00 / 1L,4.4,558, Add to cart , Save to list 
Chobani Fit Passion Fruit High Protein Greek Yogurt 170g,https://www.woolworths.com.au/shop/productdetails/689463/chobani-fit-passion-fruit-high-protein-greek-yogurt,,https://assets.woolworths.com.au/images/1005/689463.jpg?impolicy=wowsmkqiema&w=260&h=260,$2.50,$1.47 / 100G,,, Add to cart , Save to list 
Gippsland Dairy Choc Fudge Honeycomb Yoghurt 140g,https://www.woolworths.com.au/shop/productdetails/123959/gippsland-dairy-choc-fudge-honeycomb-yoghurt,,https://assets.woolworths.com.au/images/1005/123959.jpg?impolicy=wowsmkqiema&w=260&h=260,$3.85,$2.75 / 100G,,, Add to cart , Save to list 
Vaalia Kids Probiotic Yoghurt Pouch Lactose Free Blueberry 140g,https://www.woolworths.com.au/shop/productdetails/83841/vaalia-kids-probiotic-yoghurt-pouch-lactose-free-blueberry,,https://assets.woolworths.com.au/images/1005/83841.jpg?impolicy=wowsmkqiema&w=260&h=260,$1.70,$1.21 / 100G,,, Add to cart , Save to list 
Western Star Original Butter Block 250g,https://www.woolworths.com.au/shop/productdetails/48025/western-star-original-butter-block,,https://assets.woolworths.com.au/images/1005/48025.jpg?impolicy=wowsmkqiema&w=260&h=260,$4.50,$1.80 / 100G,5.0,1, Add to cart , Save to list 
Pauls Custard Pouch Bluey Chocolate 70g,https://www.woolworths.com.au/shop/productdetails/751963/pauls-custard-pouch-bluey-chocolate-custard,,https://assets.woolworths.com.au/images/1005/751963.jpg?impolicy=wowsmkqiema&w=260&h=260,$1.90,$2.71 / 100G,,, Add to cart , Save to list 
Woolworths Fresh Chicken Noodle Soup 300g,https://www.woolworths.com.au/shop/productdetails/421118/woolworths-fresh-chicken-noodle-soup,,https://assets.woolworths.com.au/images/1005/421118.jpg?impolicy=wowsmkqiema&w=260&h=260,$3.50,$1.17 / 100G,3.6,1118, Add to cart , Save to list 
Chobani Greek Yogurt Natural Light Plain 907g,https://www.woolworths.com.au/shop/productdetails/717518/chobani-greek-yogurt-natural-light-plain,,https://assets.woolworths.com.au/images/1005/717518.jpg?impolicy=wowsmkqiema&w=260&h=260,$7.00,$0.77 / 100G,5.0,1, Add to cart , Save to list 
Woolworths Green Goodness Salad Bowl 240g,https://www.woolworths.com.au/shop/productdetails/56534/woolworths-green-goodness-salad-bowl-salad-bowl,https://www.woolworths.com.au/content/promotiontags/awards-2022-winner-roundel.png,https://assets.woolworths.com.au/images/1005/56534.jpg?impolicy=wowsmkqiema&w=260&h=260,$6.50,$27.08 / 1KG,4.2,325, Add to cart , Save to list 
Woolworths Thickened Cream 300ml,https://www.woolworths.com.au/shop/productdetails/44317/woolworths-thickened-cream,,https://assets.woolworths.com.au/images/1005/44317.jpg?impolicy=wowsmkqiema&w=260&h=260,$2.80,$0.93 / 100ML,4.9,378, Add to cart , Save to list 
Jalna Premium Vanilla Yoghurt 1kg,https://www.woolworths.com.au/shop/productdetails/178437/jalna-premium-vanilla-yoghurt,https://www.woolworths.com.au/content/promotiontags/roundel-special-200x200.png,https://assets.woolworths.com.au/images/1005/178437.jpg?impolicy=wowsmkqiema&w=260&h=260,$6.50,$0.65 / 100G,,, Add to cart , Save to list 
Ultimate Yoghurt Black Cherry & Cream 4 Pack,https://www.woolworths.com.au/shop/productdetails/706257/ultimate-yoghurt-black-cherry-cream,,https://assets.woolworths.com.au/images/1005/706257.jpg?impolicy=wowsmkqiema&w=260&h=260,,,,,, Save to list 
Vaalia Probiotic Yoghurt Passionfruit 150gx 4 Pack,https://www.woolworths.com.au/shop/productdetails/75073/vaalia-probiotic-yoghurt-passionfruit-yoghurt,,https://assets.woolworths.com.au/images/1005/75073.jpg?impolicy=wowsmkqiema&w=260&h=260,$5.30,$0.88 / 100G,,, Add to cart , Save to list 
Siggi's Yoghurt Pouch Raspberry 150g,https://www.woolworths.com.au/shop/productdetails/62864/siggi-s-yoghurt-pouch-raspberry-raspberry,,https://assets.woolworths.com.au/images/1005/62864.jpg?impolicy=wowsmkqiema&w=260&h=260,,,,,, Save to list 
Activia Probiotic No Added Sugar Yoghurt Berries 4 Pack,https://www.woolworths.com.au/shop/productdetails/706254/activia-probiotic-no-added-sugar-yoghurt-berries,,https://assets.woolworths.com.au/images/1005/706254.jpg?impolicy=wowsmkqiema&w=260&h=260,$5.00,$1.00 / 100G,,, Add to cart , Save to list 
Pauls Smarter White Milk 2l,https://www.woolworths.com.au/shop/productdetails/204746/pauls-smarter-white-milk,,https://assets.woolworths.com.au/images/1005/204746.jpg?impolicy=wowsmkqiema&w=260&h=260,$4.75,$2.38 / 1L,,, Add to cart , Save to list 
Woolworths Chicken Caesar Salad Bowl 180g,https://www.woolworths.com.au/shop/productdetails/642106/woolworths-chicken-caesar-salad-bowl-caesar-bowl,,https://assets.woolworths.com.au/images/1005/642106.jpg?impolicy=wowsmkqiema&w=260&h=260,$6.00,$40.00 / 1KG,4.2,403, Add to cart , Save to list 
Yogo Choc Flavoured Custard Pouch 120g,https://www.woolworths.com.au/shop/productdetails/168072/yogo-choc-flavoured-custard-pouch,https://www.woolworths.com.au/content/promotiontags/roundel-special-200x200.png,https://assets.woolworths.com.au/images/1005/168072.jpg?impolicy=wowsmkqiema&w=260&h=260,$1.50,$1.25 / 100G,,, Add to cart , Save to list 
Vitasoy Oat Milk 1l,https://www.woolworths.com.au/shop/productdetails/310675/vitasoy-oat-milk,,https://assets.woolworths.com.au/images/1005/310675.jpg?impolicy=wowsmkqiema&w=260&h=260,$3.30,$3.30 / 1L,,, Add to cart , Save to list 
Farmers Union Greek Style Yogurt Pouch Natural 130g,https://www.woolworths.com.au/shop/productdetails/663179/farmers-union-greek-style-yogurt-pouch-natural,,https://assets.woolworths.com.au/images/1005/663179.jpg?impolicy=wowsmkqiema&w=260&h=260,$2.00,$1.54 / 100G,,, Add to cart , Save to list 
Siggi's Yoghurt Pouch Vanilla 150g,https://www.woolworths.com.au/shop/productdetails/62883/siggi-s-yoghurt-pouch-vanilla-vanilla,https://www.woolworths.com.au/content/promotiontags/final_only_at_woolworths_roundel_200x200.png,https://assets.woolworths.com.au/images/1005/62883.jpg?impolicy=wowsmkqiema&w=260&h=260,$2.50,$1.67 / 100G,,, Add to cart , Save to list 
Danone Yopro Strawberry Watermelon Yoghurt 160g,https://www.woolworths.com.au/shop/productdetails/205522/danone-yopro-strawberry-watermelon-yoghurt,,https://assets.woolworths.com.au/images/1005/205522.jpg?impolicy=wowsmkqiema&w=260&h=260,,,,,, Save to list 
Siggi's Yoghurt Strawberry 150g,https://www.woolworths.com.au/shop/productdetails/85308/siggi-s-yoghurt-strawberry,https://www.woolworths.com.au/content/promotiontags/final_only_at_woolworths_roundel_200x200.png,https://assets.woolworths.com.au/images/1005/85308.jpg?impolicy=wowsmkqiema&w=260&h=260,$2.50,$1.67 / 100G,,, Add to cart , Save to list 
Five:am Organic Vanilla Bean Yoghurt 170g,https://www.woolworths.com.au/shop/productdetails/375537/five-am-organic-vanilla-bean-yoghurt,https://www.woolworths.com.au/content/promotiontags/roundel-half-price-200x200.png,https://assets.woolworths.com.au/images/1005/375537.jpg?impolicy=wowsmkqiema&w=260&h=260,$1.50,$0.88 / 100G,4.0,1, Add to cart , Save to list 
Western Star Original Butter Block 500g,https://www.woolworths.com.au/shop/productdetails/41287/western-star-original-butter-block,,https://assets.woolworths.com.au/images/1005/41287.jpg?impolicy=wowsmkqiema&w=260&h=260,$7.50,$1.50 / 100G,,, Add to cart , Save to list 
Western Star Spreadable Supersoft 375g,https://www.woolworths.com.au/shop/productdetails/199418/western-star-spreadable-supersoft,https://www.woolworths.com.au/content/promotiontags/online-only-special-green-roundel.png,https://assets.woolworths.com.au/images/1005/199418.jpg?impolicy=wowsmkqiema&w=260&h=260,$4.40,$1.17 / 100G,,, Add to cart , Save to list 
Pauls Zymil Skim Uht Milk 1l,https://www.woolworths.com.au/shop/productdetails/113025/pauls-zymil-skim-uht-milk,,https://assets.woolworths.com.au/images/1005/113025.jpg?impolicy=wowsmkqiema&w=260&h=260,$3.00,$3.00 / 1L,,, Add to cart , Save to list 
Vitasoy Greek Style Soy Yogurt Hint Of Strawberry 140g,https://www.woolworths.com.au/shop/productdetails/230157/vitasoy-greek-style-soy-yogurt-hint-of-strawberry,https://www.woolworths.com.au/content/promotiontags/roundel-half-price-200x200.png,https://assets.woolworths.com.au/images/1005/230157.jpg?impolicy=wowsmkqiema&w=260&h=260,$1.35,$0.96 / 100G,,, Add to cart , Save to list 
Jalna Pouch Of Purity Vanilla Yoghurt 100g,https://www.woolworths.com.au/shop/productdetails/170294/jalna-pouch-of-purity-vanilla-yoghurt,,https://assets.woolworths.com.au/images/1005/170294.jpg?impolicy=wowsmkqiema&w=260&h=260,$1.95,$1.95 / 100G,5.0,1, Add to cart , Save to list 
Essentials Unsalted Butter 500g,https://www.woolworths.com.au/shop/productdetails/688962/essentials-unsalted-butter,,https://assets.woolworths.com.au/images/1005/688962.jpg?impolicy=wowsmkqiema&w=260&h=260,$6.40,$1.28 / 100G,4.7,730, Add to cart , Save to list 
Chobani Fit Strawberry High Protein Greek Yogurt Pouch 140g,https://www.woolworths.com.au/shop/productdetails/689539/chobani-fit-strawberry-high-protein-greek-yogurt-pouch,,https://assets.woolworths.com.au/images/1005/689539.jpg?impolicy=wowsmkqiema&w=260&h=260,$2.50,$1.79 / 100G,,, Add to cart , Save to list 
Brownes Wiggles Blueberry Pouch Lactose Free 90g,https://www.woolworths.com.au/shop/productdetails/63923/brownes-wiggles-blueberry-pouch-lactose-free,,https://assets.woolworths.com.au/images/1005/63923.jpg?impolicy=wowsmkqiema&w=260&h=260,$1.10,$1.22 / 100G,,, Add to cart , Save to list 
Vaalia Kids Yoghurt Pouch Limited Edition Watermelon Flavour 140g,https://www.woolworths.com.au/shop/productdetails/242768/vaalia-kids-yoghurt-pouch-limited-edition-watermelon-flavour,,https://assets.woolworths.com.au/images/1005/242768.jpg?impolicy=wowsmkqiema&w=260&h=260,,,,,, Save to list 
Yoplait Petit Miam Fruit Salad 70g,https://www.woolworths.com.au/shop/productdetails/312179/yoplait-petit-miam-fruit-salad,https://www.woolworths.com.au/content/promotiontags/project-harvest-roundel-2-for-1-v2-200x200.png,https://assets.woolworths.com.au/images/1005/312179.jpg?impolicy=wowsmkqiema&w=260&h=260,$1.00,$1.43 / 100G,5.0,1, Add to cart , Save to list 
Gippsland Dairy Passionfruit Pavlova Yoghurt 140g,https://www.woolworths.com.au/shop/productdetails/124189/gippsland-dairy-passionfruit-pavlova-yoghurt,,https://assets.woolworths.com.au/images/1005/124189.jpg?impolicy=wowsmkqiema&w=260&h=260,$3.85,$2.75 / 100G,,, Add to cart , Save to list 
Essentials Salted Butter 500g,https://www.woolworths.com.au/shop/productdetails/48650/essentials-salted-butter,,https://assets.woolworths.com.au/images/1005/48650.jpg?impolicy=wowsmkqiema&w=260&h=260,$6.40,$1.28 / 100G,4.6,647, Add to cart , Save to list 
Vaalia Probiotic Yoghurt Lemon Creme 150gx 4 Pack,https://www.woolworths.com.au/shop/productdetails/197074/vaalia-probiotic-yoghurt-lemon-creme-yoghurt,,https://assets.woolworths.com.au/images/1005/197074.jpg?impolicy=wowsmkqiema&w=260&h=260,$5.30,$0.88 / 100G,,, Add to cart , Save to list 
Dairy Farmers Thick & Creamy Blueberry Yoghurt 150g,https://www.woolworths.com.au/shop/productdetails/768000/dairy-farmers-thick-creamy-blueberry-yoghurt,,https://assets.woolworths.com.au/images/1005/768000.jpg?impolicy=wowsmkqiema&w=260&h=260,$2.50,$1.67 / 100G,,, Add to cart , Save to list 
Pauls Kids Yoghurt Pouch Limited Edition Birthday Cake Flavour 70g,https://www.woolworths.com.au/shop/productdetails/84918/pauls-kids-yoghurt-pouch-limited-edition-birthday-cake-flavour,,https://assets.woolworths.com.au/images/1005/84918.jpg?impolicy=wowsmkqiema&w=260&h=260,$1.20,$1.71 / 100G,,, Add to cart , Save to list 
Woolworths Creamy Pasta Salad 800g,https://www.woolworths.com.au/shop/productdetails/793192/woolworths-creamy-pasta-salad,,https://assets.woolworths.com.au/images/1005/793192.jpg?impolicy=wowsmkqiema&w=260&h=260,$7.00,$0.88 / 100G,4.5,269, Add to cart , Save to list 
Chobani Mango Greek Yogurt Pouch 140g,https://www.woolworths.com.au/shop/productdetails/168057/chobani-mango-greek-yogurt-pouch,https://www.woolworths.com.au/content/promotiontags/roundel-special-200x200.png,https://assets.woolworths.com.au/images/1005/168057.jpg?impolicy=wowsmkqiema&w=260&h=260,$2.00,$1.43 / 100G,,, Add to cart , Save to list 
Activia Probiotic No Added Sugar Yoghurt Mango 4 Pack,https://www.woolworths.com.au/shop/productdetails/706267/activia-probiotic-no-added-sugar-yoghurt-mango,,https://assets.woolworths.com.au/images/1005/706267.jpg?impolicy=wowsmkqiema&w=260&h=260,,,,,, Save to list 
Western Star Soft 'n' Less Salt Spreadable 500g,https://www.woolworths.com.au/shop/productdetails/69759/western-star-soft-n-less-salt-spreadable,,https://assets.woolworths.com.au/images/1005/69759.jpg?impolicy=wowsmkqiema&w=260&h=260,$6.50,$1.30 / 100G,,, Add to cart , Save to list 
Vaalia Probiotic Yoghurt Natural 900g,https://www.woolworths.com.au/shop/productdetails/44499/vaalia-probiotic-yoghurt-natural-yoghurt,https://www.woolworths.com.au/content/promotiontags/roundel-special-200x200.png,https://assets.woolworths.com.au/images/1005/44499.jpg?impolicy=wowsmkqiema&w=260&h=260,$4.70,$0.52 / 100G,,, Add to cart , Save to list 
Woolworths Tabbouleh With Mixed Grain Salad 350g,https://www.woolworths.com.au/shop/productdetails/109519/woolworths-tabbouleh-with-mixed-grain-salad,,https://assets.woolworths.com.au/images/1005/109519.jpg?impolicy=wowsmkqiema&w=260&h=260,$5.80,$1.66 / 100G,3.8,297, Add to cart , Save to list 
Essentials Garlic Bread 450g,https://www.woolworths.com.au/shop/productdetails/79005/essentials-garlic-bread,,https://assets.woolworths.com.au/images/1005/79005.jpg?impolicy=wowsmkqiema&w=260&h=260,$2.30,$0.51 / 100G,4.3,637, Add to cart , Save to list 
Vitasoy Soy Milky Regular 1l,https://www.woolworths.com.au/shop/productdetails/212840/vitasoy-soy-milky-regular,,https://assets.woolworths.com.au/images/1005/212840.jpg?impolicy=wowsmkqiema&w=260&h=260,$2.50,$2.50 / 1L,,, Add to cart , Save to list 
Yoplait Forme Zero Tropical Paradise Yoghurts 6 Pack,https://www.woolworths.com.au/shop/productdetails/60158/yoplait-forme-zero-tropical-paradise-yoghurts,https://www.woolworths.com.au/content/promotiontags/roundel-special-200x200.png,https://assets.woolworths.com.au/images/1005/60158.jpg?impolicy=wowsmkqiema&w=260&h=260,$4.80,$0.50 / 100G,,, Add to cart , Save to list 
Woolworths Cook Roast Mixed Vegetables With Garlic & Rosemary 500g,https://www.woolworths.com.au/shop/productdetails/583615/woolworths-cook-roast-mixed-vegetables-with-garlic-rosemary,,https://assets.woolworths.com.au/images/1005/583615.jpg?impolicy=wowsmkqiema&w=260&h=260,,,3.5,531,, Save to list 
Cocobella Dairy Free Coconut Yoghurt Natural 500g,https://www.woolworths.com.au/shop/productdetails/553016/cocobella-dairy-free-coconut-yoghurt-natural,,https://assets.woolworths.com.au/images/1005/553016.jpg?impolicy=wowsmkqiema&w=260&h=260,$6.00,$1.20 / 100G,,, Add to cart , Save to list 
Rafferty's Garden Baby Food Pouch Natural Plain Yoghurt 6+ Months 70g,https://www.woolworths.com.au/shop/productdetails/687837/rafferty-s-garden-baby-food-pouch-natural-plain-yoghurt-6-months,,https://assets.woolworths.com.au/images/1005/687837.jpg?impolicy=wowsmkqiema&w=260&h=260,$1.30,$1.86 / 100G,,, Add to cart , Save to list 
Siggi's Yoghurt Mixed Berry 125g,https://www.woolworths.com.au/shop/productdetails/862516/siggi-s-yoghurt-mixed-berry-mixed-berry,https://www.woolworths.com.au/content/promotiontags/final_only_at_woolworths_roundel_200x200.png,https://assets.woolworths.com.au/images/1005/862516.jpg?impolicy=wowsmkqiema&w=260&h=260,$2.50,$2.00 / 100G,,, Add to cart , Save to list 
Yumi's Sweet Potato & Cashews Dip 200g,https://www.woolworths.com.au/shop/productdetails/258854/yumi-s-sweet-potato-cashews-dip,,https://assets.woolworths.com.au/images/1005/258854.jpg?impolicy=wowsmkqiema&w=260&h=260,,,,,, Save to list 
Rafferty's Garden Baby Food No Added Sugar Banana Yoghurt 6+ Months 70g,https://www.woolworths.com.au/shop/productdetails/687796/rafferty-s-garden-baby-food-no-added-sugar-banana-yoghurt-6-months,,https://assets.woolworths.com.au/images/1005/687796.jpg?impolicy=wowsmkqiema&w=260&h=260,$1.30,$1.86 / 100G,,, Add to cart , Save to list 
Woolworths Light Sour Cream 300ml,https://www.woolworths.com.au/shop/productdetails/205663/woolworths-light-sour-cream,,https://assets.woolworths.com.au/images/1005/205663.jpg?impolicy=wowsmkqiema&w=260&h=260,$3.25,$1.08 / 100ML,4.7,723, Add to cart , Save to list 
Jalna Pouch Of Purity Blueberry Yoghurt 100g,https://www.woolworths.com.au/shop/productdetails/169387/jalna-pouch-of-purity-blueberry-yoghurt,,https://assets.woolworths.com.au/images/1005/169387.jpg?impolicy=wowsmkqiema&w=260&h=260,$1.95,$1.95 / 100G,,, Add to cart , Save to list 
Woolworths Chicken Buffalo Salad Bowl 180g,https://www.woolworths.com.au/shop/productdetails/56533/woolworths-chicken-buffalo-salad-bowl-salad-bowl,,https://assets.woolworths.com.au/images/1005/56533.jpg?impolicy=wowsmkqiema&w=260&h=260,$6.50,$36.11 / 1KG,3.7,680, Add to cart , Save to list 
Essentials Parmesan Cheese 100g,https://www.woolworths.com.au/shop/productdetails/325134/essentials-parmesan-cheese,,https://assets.woolworths.com.au/images/1005/325134.jpg?impolicy=wowsmkqiema&w=260&h=260,$2.00,$20.00 / 1KG,3.9,718, Add to cart , Save to list 
Woolworths Fresh Pea & Ham Soup 300g,https://www.woolworths.com.au/shop/productdetails/778327/woolworths-fresh-pea-ham-soup,,https://assets.woolworths.com.au/images/1005/778327.jpg?impolicy=wowsmkqiema&w=260&h=260,$3.50,$1.17 / 100G,3.8,674, Add to cart , Save to list 
Dairy Farmers Full Cream Milk 2l,https://www.woolworths.com.au/shop/productdetails/88436/dairy-farmers-full-cream-milk-full-cream-milk,https://www.woolworths.com.au/content/promotiontags/supporting-aus-milk-roundel-200x200.png,https://assets.woolworths.com.au/images/1005/88436.jpg?impolicy=wowsmkqiema&w=260&h=260,$4.10,$2.05 / 1L,4.0,1, Add to cart , Save to list 
Yopro High Protein Plain Greek Yoghurt 700g,https://www.woolworths.com.au/shop/productdetails/686218/yopro-high-protein-plain-greek-yoghurt,,https://assets.woolworths.com.au/images/1005/686218.jpg?impolicy=wowsmkqiema&w=260&h=260,$6.70,$0.96 / 100G,,, Add to cart , Save to list 
Woolworths Tasty Cheese Slices 500g,https://www.woolworths.com.au/shop/productdetails/224941/woolworths-tasty-cheese-slices,,https://assets.woolworths.com.au/images/1005/224941.jpg?impolicy=wowsmkqiema&w=260&h=260,$9.00,$18.00 / 1KG,4.5,2385, Add to cart , Save to list 
Vitasoy Soy Milky Low Sugar Soy Milk 1l,https://www.woolworths.com.au/shop/productdetails/216826/vitasoy-soy-milky-low-sugar-soy-milk,,https://assets.woolworths.com.au/images/1005/216826.jpg?impolicy=wowsmkqiema&w=260&h=260,$2.85,$2.85 / 1L,,, Add to cart , Save to list 
Yumi's Original Falafel Balls 225g,https://www.woolworths.com.au/shop/productdetails/345092/yumi-s-original-falafel-balls,,https://assets.woolworths.com.au/images/1005/345092.jpg?impolicy=wowsmkqiema&w=260&h=260,,,,,, Save to list 
Woolworths Lettuce Butter 170g,https://www.woolworths.com.au/shop/productdetails/847873/woolworths-lettuce-butter,https://www.woolworths.com.au/content/promotiontags/supporting-aus-grown-roundel-200x200.png,https://assets.woolworths.com.au/images/1005/847873.jpg?impolicy=wowsmkqiema&w=260&h=260,$4.00,$23.53 / 1KG,4.3,456, Add to cart , Save to list 
Woolworths Beetroot & Feta Salad Kit 270g,https://www.woolworths.com.au/shop/productdetails/703808/woolworths-beetroot-feta-salad-kit-salad-kit,,https://assets.woolworths.com.au/images/1005/703808.jpg?impolicy=wowsmkqiema&w=260&h=260,$6.00,$22.22 / 1KG,4.5,422, Add to cart , Save to list 
Chobani Flip Greek Yogurt Mint Choc Chip 140g,https://www.woolworths.com.au/shop/productdetails/611904/chobani-flip-greek-yogurt-mint-choc-chip,https://www.woolworths.com.au/content/promotiontags/roundel-special-200x200.png,https://assets.woolworths.com.au/images/1005/611904.jpg?impolicy=wowsmkqiema&w=260&h=260,$2.50,$1.79 / 100G,,, Add to cart , Save to list 
Farmers Union Natural Greek Style Yogurt 200g,https://www.woolworths.com.au/shop/productdetails/312213/farmers-union-natural-greek-style-yogurt,,https://assets.woolworths.com.au/images/1005/312213.jpg?impolicy=wowsmkqiema&w=260&h=260,$2.50,$1.25 / 100G,,, Add to cart , Save to list 
Gippsland Dairy Apple Pie Yoghurt 140g,https://www.woolworths.com.au/shop/productdetails/123958/gippsland-dairy-apple-pie-yoghurt,,https://assets.woolworths.com.au/images/1005/123958.jpg?impolicy=wowsmkqiema&w=260&h=260,$3.85,$2.75 / 100G,,, Add to cart , Save to list 
Leggos Fresh Veal Tortellini 630g,https://www.woolworths.com.au/shop/productdetails/618616/leggos-fresh-veal-tortellini,https://www.woolworths.com.au/content/promotiontags/roundel-special-200x200.png,https://assets.woolworths.com.au/images/1005/618616.jpg?impolicy=wowsmkqiema&w=260&h=260,$7.00,$1.11 / 100G,,, Add to cart , Save to list 
Essentials Table Spread Soft And Spreadable 500g,https://www.woolworths.com.au/shop/productdetails/93530/essentials-table-spread-soft-and-spreadable,,https://assets.woolworths.com.au/images/1005/93530.jpg?impolicy=wowsmkqiema&w=260&h=260,$2.30,$0.46 / 100G,4.0,715, Add to cart , Save to list 
Vitasoy Greek Style Soy Yogurt Hint Of Mango & Passionfruit 140g,https://www.woolworths.com.au/shop/productdetails/232038/vitasoy-greek-style-soy-yogurt-hint-of-mango-passionfruit,,https://assets.woolworths.com.au/images/1005/232038.jpg?impolicy=wowsmkqiema&w=260&h=260,,,,,, Save to list 
Yumi's Pumpkin & Spinach Bites 225g,https://www.woolworths.com.au/shop/productdetails/153336/yumi-s-pumpkin-spinach-bites,,https://assets.woolworths.com.au/images/1005/153336.jpg?impolicy=wowsmkqiema&w=260&h=260,,,,,, Save to list 
Wicked Sister Vanilla Bean Rice Pudding 2x170g,https://www.woolworths.com.au/shop/productdetails/793013/wicked-sister-vanilla-bean-rice-pudding,https://www.woolworths.com.au/content/promotiontags/local-seals-nsw.png,https://assets.woolworths.com.au/images/1005/793013.jpg?impolicy=wowsmkqiema&w=260&h=260,$4.40,$1.29 / 100G,,, Add to cart , Save to list 
Pauls Zymil Milk 3l,https://www.woolworths.com.au/shop/productdetails/155909/pauls-zymil-milk,,https://assets.woolworths.com.au/images/1005/155909.jpg?impolicy=wowsmkqiema&w=260&h=260,$8.90,$2.97 / 1L,,, Add to cart , Save to list 
Woolworths Cream Cheese 250g,https://www.woolworths.com.au/shop/productdetails/296507/woolworths-cream-cheese,,https://assets.woolworths.com.au/images/1005/296507.jpg?impolicy=wowsmkqiema&w=260&h=260,$3.30,$13.20 / 1KG,4.7,1077, Add to cart , Save to list 
Tamar Valley Dairy Yoghurt Mango & Cream 700g,https://www.woolworths.com.au/shop/productdetails/167430/tamar-valley-dairy-yoghurt-mango-cream-yoghurt-mango-cream,,https://assets.woolworths.com.au/images/1005/167430.jpg?impolicy=wowsmkqiema&w=260&h=260,$7.50,$1.07 / 100G,,, Add to cart , Save to list 
Vitasoy So Milky Soy Milk 1l,https://www.woolworths.com.au/shop/productdetails/216825/vitasoy-so-milky-soy-milk,,https://assets.woolworths.com.au/images/1005/216825.jpg?impolicy=wowsmkqiema&w=260&h=260,,,,,, Save to list 
Woolworths Full Cream Milk 1l,https://www.woolworths.com.au/shop/productdetails/50923/woolworths-full-cream-milk,https://www.woolworths.com.au/content/promotiontags/supporting-aus-milk-roundel-200x200.png,https://assets.woolworths.com.au/images/1005/50923.jpg?impolicy=wowsmkqiema&w=260&h=260,$1.60,$1.60 / 1L,,, Add to cart , Save to list 
Pauls Kids Yoghurt Pouch Banana The Lion King 70g,https://www.woolworths.com.au/shop/productdetails/862577/pauls-kids-yoghurt-pouch-banana-the-lion-king,,https://assets.woolworths.com.au/images/1005/862577.jpg?impolicy=wowsmkqiema&w=260&h=260,$1.20,$1.71 / 100G,,, Add to cart , Save to list 
Danone Yopro Perform Strawberry Yoghurt 175g,https://www.woolworths.com.au/shop/productdetails/205064/danone-yopro-perform-strawberry-yoghurt,,https://assets.woolworths.com.au/images/1005/205064.jpg?impolicy=wowsmkqiema&w=260&h=260,,,,,, Save to list 
Tamar Valley Dairy Yoghurt Strawberry & Cream 700g,https://www.woolworths.com.au/shop/productdetails/167328/tamar-valley-dairy-yoghurt-strawberry-cream,,https://assets.woolworths.com.au/images/1005/167328.jpg?impolicy=wowsmkqiema&w=260&h=260,$7.50,$1.07 / 100G,,, Add to cart , Save to list 
Sunny Queen 12 Extra Large Free Range Eggs 700g,https://www.woolworths.com.au/shop/productdetails/77170/sunny-queen-12-extra-large-free-range-eggs,,https://assets.woolworths.com.au/images/1005/77170.jpg?impolicy=wowsmkqiema&w=260&h=260,$6.95,$0.99 / 100G,,, Add to cart , Save to list 
Dairy Farmers Thick & Creamy Mango & Passionfruit Yoghurt 600g,https://www.woolworths.com.au/shop/productdetails/768042/dairy-farmers-thick-creamy-mango-passionfruit-yoghurt,https://www.woolworths.com.au/content/promotiontags/roundel-special-200x200.png,https://assets.woolworths.com.au/images/1005/768042.jpg?impolicy=wowsmkqiema&w=260&h=260,$4.00,$0.67 / 100G,,, Add to cart , Save to list 
Liddells Lactose Free Strawberry Yoghurt 4x140g,https://www.woolworths.com.au/shop/productdetails/756110/liddells-lactose-free-strawberry-yoghurt,,https://assets.woolworths.com.au/images/1005/756110.jpg?impolicy=wowsmkqiema&w=260&h=260,$5.80,$1.04 / 100G,,, Add to cart , Save to list 
Jalna Sweet & Creamy Yoghurt Strawberry 1kg,https://www.woolworths.com.au/shop/productdetails/463018/jalna-sweet-creamy-yoghurt-strawberry,https://www.woolworths.com.au/content/promotiontags/roundel-special-200x200.png,https://assets.woolworths.com.au/images/1005/463018.jpg?impolicy=wowsmkqiema&w=260&h=260,$6.50,$0.65 / 100G,,, Add to cart , Save to list 
Obela Tzatziki Dip Classic 220g,https://www.woolworths.com.au/shop/productdetails/923883/obela-tzatziki-dip-classic,,https://assets.woolworths.com.au/images/1005/923883.jpg?impolicy=wowsmkqiema&w=260&h=260,$5.00,$2.27 / 100G,,, Add to cart , Save to list 
Chobani Fit Tropical High Protein Greek Yogurt 170g,https://www.woolworths.com.au/shop/productdetails/169767/chobani-fit-tropical-high-protein-greek-yogurt,,https://assets.woolworths.com.au/images/1005/169767.jpg?impolicy=wowsmkqiema&w=260&h=260,$2.50,$1.47 / 100G,,, Add to cart , Save to list 
Vitasoy Original Soy Milk 1l,https://www.woolworths.com.au/shop/productdetails/35617/vitasoy-original-soy-milk,,https://assets.woolworths.com.au/images/1005/35617.jpg?impolicy=wowsmkqiema&w=260&h=260,$3.00,$3.00 / 1L,,, Add to cart , Save to list 
Farmers Union Greek Yogurt 4 Pack,https://www.woolworths.com.au/shop/productdetails/790041/farmers-union-greek-yogurt,,https://assets.woolworths.com.au/images/1005/790041.jpg?impolicy=wowsmkqiema&w=260&h=260,$5.50,$0.86 / 100G,,, Add to cart , Save to list 
Woolworths Natural Greek Style Yoghurt 500g,https://www.woolworths.com.au/shop/productdetails/324515/woolworths-natural-greek-style-yoghurt,,https://assets.woolworths.com.au/images/1005/324515.jpg?impolicy=wowsmkqiema&w=260&h=260,$3.20,$0.64 / 100G,4.8,493, Add to cart , Save to list 
Bega Stringers Cheddar Cheese 8 Pack,https://www.woolworths.com.au/shop/productdetails/346623/bega-stringers-cheddar-cheese,https://www.woolworths.com.au/content/promotiontags/roundel-special-200x200.png,https://assets.woolworths.com.au/images/1005/346623.jpg?impolicy=wowsmkqiema&w=260&h=260,$5.00,$31.25 / 1KG,,, Add to cart , Save to list 
Cocobella Dairy Free Coconut Yoghurt Passionfruit 500g,https://www.woolworths.com.au/shop/productdetails/688827/cocobella-dairy-free-coconut-yoghurt-passionfruit,,https://assets.woolworths.com.au/images/1005/688827.jpg?impolicy=wowsmkqiema&w=260&h=260,$6.00,$1.20 / 100G,,, Add to cart , Save to list 
Tamar Valley Dairy Yoghurt Blueberry & Cream 700g,https://www.woolworths.com.au/shop/productdetails/167310/tamar-valley-dairy-yoghurt-blueberry-cream,,https://assets.woolworths.com.au/images/1005/167310.jpg?impolicy=wowsmkqiema&w=260&h=260,$7.50,$1.07 / 100G,,, Add to cart , Save to list 
Supreme Foods Roti Mini Chilled Meal 125g,https://www.woolworths.com.au/shop/productdetails/344206/supreme-foods-roti-mini-chilled-meal,https://www.woolworths.com.au/content/promotiontags/roundel-special-200x200.png,https://assets.woolworths.com.au/images/1005/344206.jpg?impolicy=wowsmkqiema&w=260&h=260,$2.70,$2.16 / 100G,,, Add to cart , Save to list 
Chobani Fit Raspberry High Protein Greek Yogurt Pouch 140g,https://www.woolworths.com.au/shop/productdetails/169923/chobani-fit-raspberry-high-protein-greek-yogurt-pouch,,https://assets.woolworths.com.au/images/1005/169923.jpg?impolicy=wowsmkqiema&w=260&h=260,$2.50,$1.79 / 100G,,, Add to cart , Save to list 
Woolworths Family Coleslaw 500g,https://www.woolworths.com.au/shop/productdetails/54899/woolworths-family-coleslaw,,https://assets.woolworths.com.au/images/1005/54899.jpg?impolicy=wowsmkqiema&w=260&h=260,$5.00,$10.00 / 1KG,4.1,556, Add to cart , Save to list 
The Salad Servers Turmeric Cauliflower & Cranberry Salad 300g,https://www.woolworths.com.au/shop/productdetails/663734/the-salad-servers-turmeric-cauliflower-cranberry-salad,,https://assets.woolworths.com.au/images/1005/663734.jpg?impolicy=wowsmkqiema&w=260&h=260,$6.30,$2.10 / 100G,,, Add to cart , Save to list 
Pauls Buzz Lightyear Yoghurt Pouch Vanilla 70g,https://www.woolworths.com.au/shop/productdetails/705258/pauls-buzz-lightyear-yoghurt-pouch-vanilla,,https://assets.woolworths.com.au/images/1005/705258.jpg?impolicy=wowsmkqiema&w=260&h=260,$1.20,$1.71 / 100G,,, Add to cart , Save to list 
Devondale 100% Pure Full Cream Long Life Milk 1l,https://www.woolworths.com.au/shop/productdetails/33557/devondale-100-pure-full-cream-long-life-milk,,https://assets.woolworths.com.au/images/1005/33557.jpg?impolicy=wowsmkqiema&w=260&h=260,$2.20,$2.20 / 1L,,, Add to cart , Save to list 
Dairy Farmers Full Cream Milk 3l,https://www.woolworths.com.au/shop/productdetails/64746/dairy-farmers-full-cream-milk-full-cream-milk,https://www.woolworths.com.au/content/promotiontags/supporting-aus-milk-roundel-200x200.png,https://assets.woolworths.com.au/images/1005/64746.jpg?impolicy=wowsmkqiema&w=260&h=260,$5.90,$1.97 / 1L,4.0,1, Add to cart , Save to list 
Woolworths Creamy Potato Salad 800g,https://www.woolworths.com.au/shop/productdetails/793189/woolworths-creamy-potato-salad,,https://assets.woolworths.com.au/images/1005/793189.jpg?impolicy=wowsmkqiema&w=260&h=260,$7.00,$0.88 / 100G,3.8,336, Add to cart , Save to list 
Vitasoy Soy & Protein Unsweetened Milk 1l,https://www.woolworths.com.au/shop/productdetails/83114/vitasoy-soy-protein-unsweetened-milk,https://www.woolworths.com.au/content/promotiontags/roundel-special-200x200.png,https://assets.woolworths.com.au/images/1005/83114.jpg?impolicy=wowsmkqiema&w=260&h=260,$3.00,$3.00 / 1L,,, Add to cart , Save to list 
Bulla Premium Sour Cream 200ml,https://www.woolworths.com.au/shop/productdetails/95502/bulla-premium-sour-cream,,https://assets.woolworths.com.au/images/1005/95502.jpg?impolicy=wowsmkqiema&w=260&h=260,$3.70,$1.85 / 100ML,,, Add to cart , Save to list 
Sheese Mature Cheddar Vegan Cheese Block 200g,https://www.woolworths.com.au/shop/productdetails/675781/sheese-mature-cheddar-vegan-cheese-block,,https://assets.woolworths.com.au/images/1005/675781.jpg?impolicy=wowsmkqiema&w=260&h=260,$6.50,$32.50 / 1KG,5.0,1, Add to cart , Save to list 
Woolworths Free From Lactose Lite Milk 1l,https://www.woolworths.com.au/shop/productdetails/799813/woolworths-free-from-lactose-lite-milk,,https://assets.woolworths.com.au/images/1005/799813.jpg?impolicy=wowsmkqiema&w=260&h=260,$2.00,$2.00 / 1L,4.4,584, Add to cart , Save to list 
Western Star Unsalted Butter Chef's Choice 500g,https://www.woolworths.com.au/shop/productdetails/712251/western-star-unsalted-butter-chef-s-choice,,https://assets.woolworths.com.au/images/1005/712251.jpg?impolicy=wowsmkqiema&w=260&h=260,$7.50,$1.50 / 100G,,, Add to cart , Save to list 
Siggi's Yoghurt Vanilla 500g,https://www.woolworths.com.au/shop/productdetails/85089/siggi-s-yoghurt-vanilla,https://www.woolworths.com.au/content/promotiontags/final_only_at_woolworths_roundel_200x200.png,https://assets.woolworths.com.au/images/1005/85089.jpg?impolicy=wowsmkqiema&w=260&h=260,$4.50,$0.90 / 100G,,, Add to cart , Save to list 
Woolworths Tasty Cheese Block 500g,https://www.woolworths.com.au/shop/productdetails/310237/woolworths-tasty-cheese-block,,https://assets.woolworths.com.au/images/1005/310237.jpg?impolicy=wowsmkqiema&w=260&h=260,$7.50,$15.00 / 1KG,4.6,897, Add to cart , Save to list 
Vitasoy Almond Milk Unsweetened 1l,https://www.woolworths.com.au/shop/productdetails/926885/vitasoy-almond-milk-unsweetened,,https://assets.woolworths.com.au/images/1005/926885.jpg?impolicy=wowsmkqiema&w=260&h=260,$3.30,$3.30 / 1L,4.0,1, Add to cart , Save to list 
Woolworths Swiss Cheese Slices 200g,https://www.woolworths.com.au/shop/productdetails/348705/woolworths-swiss-cheese-slices,,https://assets.woolworths.com.au/images/1005/348705.jpg?impolicy=wowsmkqiema&w=260&h=260,$5.00,$25.00 / 1KG,4.7,235, Add to cart , Save to list 
Yumi's Mini Hommus 65g X3 Pack,https://www.woolworths.com.au/shop/productdetails/81500/yumi-s-mini-hommus,,https://assets.woolworths.com.au/images/1005/81500.jpg?impolicy=wowsmkqiema&w=260&h=260,$3.50,$1.79 / 100G,,, Add to cart , Save to list 
Bega Tasty Cheese Slices 500g,https://www.woolworths.com.au/shop/productdetails/769558/bega-tasty-cheese-slices,,https://assets.woolworths.com.au/images/1005/769558.jpg?impolicy=wowsmkqiema&w=260&h=260,$10.50,$21.00 / 1KG,,, Add to cart , Save to list 
Dairy Farmers Thick & Creamy Yoghurt Lemon Cream 600g,https://www.woolworths.com.au/shop/productdetails/768039/dairy-farmers-thick-creamy-yoghurt-lemon-cream,https://www.woolworths.com.au/content/promotiontags/roundel-special-200x200.png,https://assets.woolworths.com.au/images/1005/768039.jpg?impolicy=wowsmkqiema&w=260&h=260,$4.00,$0.67 / 100G,,, Add to cart , Save to list 
Vitasoy Rice Milk 1l,https://www.woolworths.com.au/shop/productdetails/209424/vitasoy-rice-milk,,https://assets.woolworths.com.au/images/1005/209424.jpg?impolicy=wowsmkqiema&w=260&h=260,$3.30,$3.30 / 1L,,, Add to cart , Save to list 
Chobani Flip Greek Yogurt Key Lime Crumble 140g,https://www.woolworths.com.au/shop/productdetails/611808/chobani-flip-greek-yogurt-key-lime-crumble,https://www.woolworths.com.au/content/promotiontags/roundel-special-200x200.png,https://assets.woolworths.com.au/images/1005/611808.jpg?impolicy=wowsmkqiema&w=260&h=260,$2.50,$1.79 / 100G,,, Add to cart , Save to list 
Gippsland Dairy Boysenberry Twist Yoghurt 160g,https://www.woolworths.com.au/shop/productdetails/535631/gippsland-dairy-boysenberry-twist-yoghurt,,https://assets.woolworths.com.au/images/1005/535631.jpg?impolicy=wowsmkqiema&w=260&h=260,$2.50,$1.56 / 100G,,, Add to cart , Save to list 
Macro Organic Soy Long Life Milk 1l,https://www.woolworths.com.au/shop/productdetails/215455/macro-organic-soy-long-life-milk,,https://assets.woolworths.com.au/images/1005/215455.jpg?impolicy=wowsmkqiema&w=260&h=260,$1.60,$1.60 / 1L,3.8,465, Add to cart , Save to list 
Danone Yopro Salted Caramel Yoghurt 700g,https://www.woolworths.com.au/shop/productdetails/204716/danone-yopro-salted-caramel-yoghurt,,https://assets.woolworths.com.au/images/1005/204716.jpg?impolicy=wowsmkqiema&w=260&h=260,,,,,, Save to list 
Rokeby Farms Protein Smoothie Dutch Chocolate 425ml,https://www.woolworths.com.au/shop/productdetails/771258/rokeby-farms-protein-smoothie-dutch-chocolate,https://www.woolworths.com.au/content/promotiontags/roundel-special-200x200.png,https://assets.woolworths.com.au/images/1005/771258.jpg?impolicy=wowsmkqiema&w=260&h=260,$3.65,$8.59 / 1L,,, Add to cart , Save to list 
Yumi's Sesame Falafel Balls 225g,https://www.woolworths.com.au/shop/productdetails/706642/yumi-s-sesame-falafel-balls,,https://assets.woolworths.com.au/images/1005/706642.jpg?impolicy=wowsmkqiema&w=260&h=260,,,,,, Save to list 
Woolworths Asian Salad Kit Tub 250g,https://www.woolworths.com.au/shop/productdetails/338087/woolworths-asian-salad-kit-tub,,https://assets.woolworths.com.au/images/1005/338087.jpg?impolicy=wowsmkqiema&w=260&h=260,$6.50,$26.00 / 1KG,4.3,228, Add to cart , Save to list 
F Mayer Danish Fetta Cheese Per Kg,https://www.woolworths.com.au/shop/productdetails/19080/f-mayer-danish-fetta-cheese,https://www.woolworths.com.au/content/promotiontags/roundel-half-price-200x200.png,https://assets.woolworths.com.au/images/1005/19080.jpg?impolicy=wowsmkqiema&w=260&h=260,$8.25,$8.25 / 1KG,4.8,39, Add to cart , Save to list 
Sanitarium So Good Long Life Unsweetened Almond Milk 1l,https://www.woolworths.com.au/shop/productdetails/744490/sanitarium-so-good-long-life-unsweetened-almond-milk,https://www.woolworths.com.au/content/promotiontags/project-harvest-roundel-1-for-1-v2-200x200.png,https://assets.woolworths.com.au/images/1005/744490.jpg?impolicy=wowsmkqiema&w=260&h=260,$2.90,$2.90 / 1L,,, Add to cart , Save to list 
Primo Stackers Mild Salami Cheese And Crackers 50g,https://www.woolworths.com.au/shop/productdetails/63584/primo-stackers-mild-salami-cheese-and-crackers,https://www.woolworths.com.au/content/promotiontags/roundel-special-200x200.png,https://assets.woolworths.com.au/images/1005/63584.jpg?impolicy=wowsmkqiema&w=260&h=260,$3.70,$74.00 / 1KG,,, Add to cart , Save to list 
Just Veg. Carrot Shred 300g,https://www.woolworths.com.au/shop/productdetails/921142/just-veg-carrot-shred,,https://assets.woolworths.com.au/images/1005/921142.jpg?impolicy=wowsmkqiema&w=260&h=260,,,,,, Save to list 
Woolworths Tasty Cheese Shredded 250g,https://www.woolworths.com.au/shop/productdetails/729025/woolworths-tasty-cheese-shredded,,https://assets.woolworths.com.au/images/1005/729025.jpg?impolicy=wowsmkqiema&w=260&h=260,$5.80,$23.20 / 1KG,4.6,578, Add to cart , Save to list 
Jalna Biodynamic Whole Milk Yoghurt 1kg,https://www.woolworths.com.au/shop/productdetails/169222/jalna-biodynamic-whole-milk-yoghurt,,https://assets.woolworths.com.au/images/1005/169222.jpg?impolicy=wowsmkqiema&w=260&h=260,$8.80,$0.88 / 100G,,, Add to cart , Save to list 
Woolworths Creamy Pasta Salad 400g,https://www.woolworths.com.au/shop/productdetails/793193/woolworths-creamy-pasta-salad,,https://assets.woolworths.com.au/images/1005/793193.jpg?impolicy=wowsmkqiema&w=260&h=260,$5.50,$1.38 / 100G,,, Add to cart , Save to list 
Woolworths Mozzarella Shredded Cheese 500g,https://www.woolworths.com.au/shop/productdetails/728983/woolworths-mozzarella-shredded-cheese,,https://assets.woolworths.com.au/images/1005/728983.jpg?impolicy=wowsmkqiema&w=260&h=260,$8.00,$16.00 / 1KG,1.0,1, Add to cart , Save to list 
Norco Full Cream Milk 2l,https://www.woolworths.com.au/shop/productdetails/44528/norco-full-cream-milk,,https://assets.woolworths.com.au/images/1005/44528.jpg?impolicy=wowsmkqiema&w=260&h=260,$4.00,$2.00 / 1L,5.0,1, Add to cart , Save to list 
Devondale Semi Skim Long Life Milk 1l,https://www.woolworths.com.au/shop/productdetails/230367/devondale-semi-skim-long-life-milk,,https://assets.woolworths.com.au/images/1005/230367.jpg?impolicy=wowsmkqiema&w=260&h=260,$2.20,$2.20 / 1L,,, Add to cart , Save to list 
Siggi's 4% Fat Yoghurt Vanilla 125g,https://www.woolworths.com.au/shop/productdetails/862488/siggi-s-4-fat-yoghurt-vanilla,,https://assets.woolworths.com.au/images/1005/862488.jpg?impolicy=wowsmkqiema&w=260&h=260,,,,,, Save to list 
Wicked Sister High Protein Strawberry Pudding 170g,https://www.woolworths.com.au/shop/productdetails/244468/wicked-sister-high-protein-strawberry-pudding,,https://assets.woolworths.com.au/images/1005/244468.jpg?impolicy=wowsmkqiema&w=260&h=260,$2.75,$1.62 / 100G,,, Add to cart , Save to list 
Yogo Chocolate Flavoured Custard 500g,https://www.woolworths.com.au/shop/productdetails/204804/yogo-chocolate-flavoured-custard,https://www.woolworths.com.au/content/promotiontags/roundel-special-200x200.png,https://assets.woolworths.com.au/images/1005/204804.jpg?impolicy=wowsmkqiema&w=260&h=260,$3.00,$0.60 / 100G,,, Add to cart , Save to list 
Pace Farm 12 Extra Large Free Range Eggs 700g,https://www.woolworths.com.au/shop/productdetails/92953/pace-farm-12-extra-large-free-range-eggs,,https://assets.woolworths.com.au/images/1005/92953.jpg?impolicy=wowsmkqiema&w=260&h=260,$6.80,$0.97 / 100G,,, Add to cart , Save to list 
Tamar Valley Dairy Yoghurt Peach & Cream 700g,https://www.woolworths.com.au/shop/productdetails/167104/tamar-valley-dairy-yoghurt-peach-cream-yoghurt-peaches-cream,,https://assets.woolworths.com.au/images/1005/167104.jpg?impolicy=wowsmkqiema&w=260&h=260,$7.50,$1.07 / 100G,,, Add to cart , Save to list 
Woolworths High Protein Plain Yoghurt 900g,https://www.woolworths.com.au/shop/productdetails/86817/woolworths-high-protein-plain-yoghurt,,https://assets.woolworths.com.au/images/1005/86817.jpg?impolicy=wowsmkqiema&w=260&h=260,$6.00,$0.67 / 100G,3.9,322, Add to cart , Save to list 
Woolworths Light Tasty Shredded Cheese 500g,https://www.woolworths.com.au/shop/productdetails/729008/woolworths-light-tasty-shredded-cheese,,https://assets.woolworths.com.au/images/1005/729008.jpg?impolicy=wowsmkqiema&w=260&h=260,$7.40,$14.80 / 1KG,4.5,275, Add to cart , Save to list 
Chobani Greek Yogurt Natural Whole Milk 907g,https://www.woolworths.com.au/shop/productdetails/463666/chobani-greek-yogurt-natural-whole-milk,,https://assets.woolworths.com.au/images/1005/463666.jpg?impolicy=wowsmkqiema&w=260&h=260,$7.00,$0.77 / 100G,,, Add to cart , Save to list 
Vitasoy Oat Milky Uht Milk 1l,https://www.woolworths.com.au/shop/productdetails/148781/vitasoy-oat-milky-uht-milk,,https://assets.woolworths.com.au/images/1005/148781.jpg?impolicy=wowsmkqiema&w=260&h=260,$3.00,$3.00 / 1L,,, Add to cart , Save to list 
Dairy Farmers Full Cream Milk 1l,https://www.woolworths.com.au/shop/productdetails/145536/dairy-farmers-full-cream-milk,https://www.woolworths.com.au/content/promotiontags/supporting-aus-milk-roundel-200x200.png,https://assets.woolworths.com.au/images/1005/145536.jpg?impolicy=wowsmkqiema&w=260&h=260,$2.70,$2.70 / 1L,,, Add to cart , Save to list 
Leggos Fresh Ricotta & Vegetable Tortellini 630g,https://www.woolworths.com.au/shop/productdetails/321815/leggos-fresh-ricotta-vegetable-tortellini,https://www.woolworths.com.au/content/promotiontags/roundel-special-200x200.png,https://assets.woolworths.com.au/images/1005/321815.jpg?impolicy=wowsmkqiema&w=260&h=260,$7.00,$1.11 / 100G,,, Add to cart , Save to list 
Chobani Flip Greek Yogurt Almond Coco Loco 140g,https://www.woolworths.com.au/shop/productdetails/611783/chobani-flip-greek-yogurt-almond-coco-loco,https://www.woolworths.com.au/content/promotiontags/roundel-special-200x200.png,https://assets.woolworths.com.au/images/1005/611783.jpg?impolicy=wowsmkqiema&w=260&h=260,$2.50,$1.79 / 100G,,, Add to cart , Save to list 
Pureharvest Organic Oat Milk 1l,https://www.woolworths.com.au/shop/productdetails/86298/pureharvest-organic-oat-milk,,https://assets.woolworths.com.au/images/1005/86298.jpg?impolicy=wowsmkqiema&w=260&h=260,$2.80,$2.80 / 1L,,, Add to cart , Save to list 
Vitasoy Greek Style Soy Yogurt Hint Of Vanilla 140g,https://www.woolworths.com.au/shop/productdetails/230622/vitasoy-greek-style-soy-yogurt-hint-of-vanilla,,https://assets.woolworths.com.au/images/1005/230622.jpg?impolicy=wowsmkqiema&w=260&h=260,,,,,, Save to list 
Wicked Sister Vanilla Bean Rice Pudding 500g,https://www.woolworths.com.au/shop/productdetails/756098/wicked-sister-vanilla-bean-rice-pudding,https://www.woolworths.com.au/content/promotiontags/local-seals-nsw.png,https://assets.woolworths.com.au/images/1005/756098.jpg?impolicy=wowsmkqiema&w=260&h=260,$5.00,$1.00 / 100G,,, Add to cart , Save to list 
Five:am Organic Coffee Bean Yoghurt 170g,https://www.woolworths.com.au/shop/productdetails/717537/five-am-organic-coffee-bean-yoghurt,https://www.woolworths.com.au/content/promotiontags/roundel-half-price-200x200.png,https://assets.woolworths.com.au/images/1005/717537.jpg?impolicy=wowsmkqiema&w=260&h=260,$1.50,$0.88 / 100G,,, Add to cart , Save to list 
Pauls Custard Pouch Bluey Strawberry 70g,https://www.woolworths.com.au/shop/productdetails/548220/pauls-custard-pouch-bluey-strawberry-strawberry,,https://assets.woolworths.com.au/images/1005/548220.jpg?impolicy=wowsmkqiema&w=260&h=260,$1.90,$2.71 / 100G,,, Add to cart , Save to list 
Siggi's Yoghurt Raspberry 500g,https://www.woolworths.com.au/shop/productdetails/85058/siggi-s-yoghurt-raspberry,https://www.woolworths.com.au/content/promotiontags/final_only_at_woolworths_roundel_200x200.png,https://assets.woolworths.com.au/images/1005/85058.jpg?impolicy=wowsmkqiema&w=260&h=260,$4.50,$0.90 / 100G,5.0,1, Add to cart , Save to list 
Riverina Fresh Lactose Free Full Cream Milk 2l,https://www.woolworths.com.au/shop/productdetails/789208/riverina-fresh-lactose-free-full-cream-milk,,https://assets.woolworths.com.au/images/1005/789208.jpg?impolicy=wowsmkqiema&w=260&h=260,$5.40,$2.70 / 1L,,, Add to cart , Save to list 
Dairy Farmers Sour Cream 250g,https://www.woolworths.com.au/shop/productdetails/724682/dairy-farmers-sour-cream,https://www.woolworths.com.au/content/promotiontags/roundel-special-200x200.png,https://assets.woolworths.com.au/images/1005/724682.jpg?impolicy=wowsmkqiema&w=260&h=260,$3.00,$1.20 / 100G,,, Add to cart , Save to list 
Vaalia Probiotic Lactose Free Yoghurt French Vanilla 900g,https://www.woolworths.com.au/shop/productdetails/170467/vaalia-probiotic-lactose-free-yoghurt-french-vanilla,https://www.woolworths.com.au/content/promotiontags/roundel-special-200x200.png,https://assets.woolworths.com.au/images/1005/170467.jpg?impolicy=wowsmkqiema&w=260&h=260,$4.70,$0.52 / 100G,,, Add to cart , Save to list 
Bulla Sour Cream 400ml,https://www.woolworths.com.au/shop/productdetails/547135/bulla-sour-cream,,https://assets.woolworths.com.au/images/1005/547135.jpg?impolicy=wowsmkqiema&w=260&h=260,$5.50,$1.38 / 100ML,,, Add to cart , Save to list 
Liddells Lactose Free Plain Yoghurt 4x140g,https://www.woolworths.com.au/shop/productdetails/756114/liddells-lactose-free-plain-yoghurt,,https://assets.woolworths.com.au/images/1005/756114.jpg?impolicy=wowsmkqiema&w=260&h=260,$5.80,$1.04 / 100G,,, Add to cart , Save to list 
Chris' Homestyle Dip & Spread Tzatziki 3 Pack,https://www.woolworths.com.au/shop/productdetails/210823/chris-homestyle-dip-spread-tzatziki,,https://assets.woolworths.com.au/images/1005/210823.jpg?impolicy=wowsmkqiema&w=260&h=260,$3.75,$2.08 / 100G,,, Add to cart , Save to list 
Sanitarium So Good Long Life Vanilla Bliss Soy Milk 1l,https://www.woolworths.com.au/shop/productdetails/5535/sanitarium-so-good-long-life-vanilla-bliss-soy-milk,https://www.woolworths.com.au/content/promotiontags/project-harvest-roundel-1-for-1-v2-200x200.png,https://assets.woolworths.com.au/images/1005/5535.jpg?impolicy=wowsmkqiema&w=260&h=260,$3.00,$3.00 / 1L,,, Add to cart , Save to list 
Wicked Sister Tiramisu 90g,https://www.woolworths.com.au/shop/productdetails/208020/wicked-sister-tiramisu,,https://assets.woolworths.com.au/images/1005/208020.jpg?impolicy=wowsmkqiema&w=260&h=260,$3.25,$3.61 / 100G,,, Add to cart , Save to list 
Primo Stackers Leg Ham Cheese Cheese And Crackers 50g,https://www.woolworths.com.au/shop/productdetails/65887/primo-stackers-leg-ham-cheese-cheese-and-crackers,https://www.woolworths.com.au/content/promotiontags/roundel-special-200x200.png,https://assets.woolworths.com.au/images/1005/65887.jpg?impolicy=wowsmkqiema&w=260&h=260,$3.70,$74.00 / 1KG,,, Add to cart , Save to list 
Woolworths American Bbq Coleslaw 450g,https://www.woolworths.com.au/shop/productdetails/702151/woolworths-american-bbq-coleslaw,,https://assets.woolworths.com.au/images/1005/702151.jpg?impolicy=wowsmkqiema&w=260&h=260,$4.50,$10.00 / 1KG,4.0,510, Add to cart , Save to list 
Woolworths Sweetened Condensed Milk 397g,https://www.woolworths.com.au/shop/productdetails/84763/woolworths-sweetened-condensed-milk,,https://assets.woolworths.com.au/images/1005/84763.jpg?impolicy=wowsmkqiema&w=260&h=260,$1.50,$0.38 / 100G,4.7,537, Add to cart , Save to list 
Bulla Cottage Cheese Original 200g,https://www.woolworths.com.au/shop/productdetails/41402/bulla-cottage-cheese-original,,https://assets.woolworths.com.au/images/1005/41402.jpg?impolicy=wowsmkqiema&w=260&h=260,$3.80,$19.00 / 1KG,,, Add to cart , Save to list 
Yumi's Traditional Middle Eastern Hommus 500g,https://www.woolworths.com.au/shop/productdetails/182017/yumi-s-traditional-middle-eastern-hommus,https://www.woolworths.com.au/content/promotiontags/roundel-special-200x200.png,https://assets.woolworths.com.au/images/1005/182017.jpg?impolicy=wowsmkqiema&w=260&h=260,$5.50,$1.10 / 100G,,, Add to cart , Save to list 
The Salad Servers Lentil Salad 800g,https://www.woolworths.com.au/shop/productdetails/11358/the-salad-servers-lentil-salad,,https://assets.woolworths.com.au/images/1005/11358.jpg?impolicy=wowsmkqiema&w=260&h=260,$10.50,$1.31 / 100G,,, Add to cart , Save to list 
Wildly Good Kale & Zucchini Veggie Fritter Bites 210g,https://www.woolworths.com.au/shop/productdetails/112828/wildly-good-kale-zucchini-veggie-fritter-bites,,https://assets.woolworths.com.au/images/1005/112828.jpg?impolicy=wowsmkqiema&w=260&h=260,$7.00,$3.33 / 100G,,, Add to cart , Save to list 
Primo Stackers Salami Rice Cheese & Crackers 45g,https://www.woolworths.com.au/shop/productdetails/97275/primo-stackers-salami-rice-cheese-crackers,https://www.woolworths.com.au/content/promotiontags/roundel-special-200x200.png,https://assets.woolworths.com.au/images/1005/97275.jpg?impolicy=wowsmkqiema&w=260&h=260,$3.70,$82.22 / 1KG,,, Add to cart , Save to list 
The Salad Servers Herby Quinoa & Broccoli With Green Tahini Dressing 300g,https://www.woolworths.com.au/shop/productdetails/180240/the-salad-servers-herby-quinoa-broccoli-with-green-tahini-dressing,,https://assets.woolworths.com.au/images/1005/180240.jpg?impolicy=wowsmkqiema&w=260&h=260,$6.30,$2.10 / 100G,5.0,1, Add to cart , Save to list 
Yumi's Veggie Bites Roasted Veggies & Peas 225g,https://www.woolworths.com.au/shop/productdetails/116292/yumi-s-veggie-bites-roasted-veggies-peas,,https://assets.woolworths.com.au/images/1005/116292.jpg?impolicy=wowsmkqiema&w=260&h=260,$5.55,$24.67 / 1KG,,, Add to cart , Save to list 
Hillview Cheese Slices Full Fat 500g,https://www.woolworths.com.au/shop/productdetails/558548/hillview-cheese-slices-full-fat,,https://assets.woolworths.com.au/images/1005/558548.jpg?impolicy=wowsmkqiema&w=260&h=260,$5.00,$10.00 / 1KG,3.9,1145, Add to cart , Save to list 
Woolworths Unsweetened Almond Milk 1l,https://www.woolworths.com.au/shop/productdetails/779134/woolworths-unsweetened-almond-milk,,https://assets.woolworths.com.au/images/1005/779134.jpg?impolicy=wowsmkqiema&w=260&h=260,$2.00,$2.00 / 1L,3.9,455, Add to cart , Save to list 
Pureharvest Organic Malt Free Soy Milk 1l,https://www.woolworths.com.au/shop/productdetails/192366/pureharvest-organic-malt-free-soy-milk,,https://assets.woolworths.com.au/images/1005/192366.jpg?impolicy=wowsmkqiema&w=260&h=260,$2.00,$2.00 / 1L,,, Add to cart , Save to list 
Woolworths Light Thickened Cream 300ml,https://www.woolworths.com.au/shop/productdetails/838737/woolworths-light-thickened-cream,,https://assets.woolworths.com.au/images/1005/838737.jpg?impolicy=wowsmkqiema&w=260&h=260,$2.80,$0.93 / 100ML,4.4,540, Add to cart , Save to list 
Woolworths Classic Coleslaw 250g,https://www.woolworths.com.au/shop/productdetails/546843/woolworths-classic-coleslaw,,https://assets.woolworths.com.au/images/1005/546843.jpg?impolicy=wowsmkqiema&w=260&h=260,$3.80,$1.52 / 100G,4.0,669, Add to cart , Save to list 
Bulla Light Sour Cream 200ml,https://www.woolworths.com.au/shop/productdetails/42449/bulla-light-sour-cream,,https://assets.woolworths.com.au/images/1005/42449.jpg?impolicy=wowsmkqiema&w=260&h=260,$3.70,$1.85 / 100ML,,, Add to cart , Save to list 
Rokeby Farms Protein Smoothie Banana Honey Cinnamon 425ml,https://www.woolworths.com.au/shop/productdetails/788553/rokeby-farms-protein-smoothie-banana-honey-cinnamon,https://www.woolworths.com.au/content/promotiontags/roundel-special-200x200.png,https://assets.woolworths.com.au/images/1005/788553.jpg?impolicy=wowsmkqiema&w=260&h=260,$3.65,$8.59 / 1L,,, Add to cart , Save to list 
Woolworths Tasty Cheese Block 1kg,https://www.woolworths.com.au/shop/productdetails/891325/woolworths-tasty-cheese-block,,https://assets.woolworths.com.au/images/1005/891325.jpg?impolicy=wowsmkqiema&w=260&h=260,$13.50,$13.50 / 1KG,4.7,522, Add to cart , Save to list 
Liddells Lactose Free Probiotic Yoghurt Vanilla Bean 700g,https://www.woolworths.com.au/shop/productdetails/167407/liddells-lactose-free-probiotic-yoghurt-vanilla-bean,,https://assets.woolworths.com.au/images/1005/167407.jpg?impolicy=wowsmkqiema&w=260&h=260,$6.80,$0.97 / 100G,,, Add to cart , Save to list 
Plantein Plant Based Schnitzel 300g,https://www.woolworths.com.au/shop/productdetails/90130/plantein-plant-based-schnitzel,,https://assets.woolworths.com.au/images/1005/90130.jpg?impolicy=wowsmkqiema&w=260&h=260,$8.00,$26.67 / 1KG,,, Add to cart , Save to list 
The Salad Servers Jewelled Saffron Rice 800g,https://www.woolworths.com.au/shop/productdetails/114580/the-salad-servers-jewelled-saffron-rice,,https://assets.woolworths.com.au/images/1005/114580.jpg?impolicy=wowsmkqiema&w=260&h=260,$10.50,$1.31 / 100G,,, Add to cart , Save to list 
Woolworths Zucchini Slice Chilled Meal 700g,https://www.woolworths.com.au/shop/productdetails/572265/woolworths-zucchini-slice-chilled-meal,,https://assets.woolworths.com.au/images/1005/572265.jpg?impolicy=wowsmkqiema&w=260&h=260,$14.00,$2.00 / 100G,3.9,365, Add to cart , Save to list 
Woolworths Haloumi 180g,https://www.woolworths.com.au/shop/productdetails/829814/woolworths-haloumi,,https://assets.woolworths.com.au/images/1005/829814.jpg?impolicy=wowsmkqiema&w=260&h=260,$4.80,$26.67 / 1KG,4.3,935, Add to cart , Save to list 
Danone Yopro Perform Mixed Berry Yoghurt 700g,https://www.woolworths.com.au/shop/productdetails/205532/danone-yopro-perform-mixed-berry-yoghurt,,https://assets.woolworths.com.au/images/1005/205532.jpg?impolicy=wowsmkqiema&w=260&h=260,,,,,, Save to list 
Kraft Singles Original 432g,https://www.woolworths.com.au/shop/productdetails/791364/kraft-singles-original-original,,https://assets.woolworths.com.au/images/1005/791364.jpg?impolicy=wowsmkqiema&w=260&h=260,,,,,, Save to list 
Pauls Zymil Chocolate 400ml,https://www.woolworths.com.au/shop/productdetails/667992/pauls-zymil-chocolate,,https://assets.woolworths.com.au/images/1005/667992.jpg?impolicy=wowsmkqiema&w=260&h=260,,,,,, Save to list 
Woolworths Korean Style Salad Kit 400g,https://www.woolworths.com.au/shop/productdetails/703827/woolworths-korean-style-salad-kit,,https://assets.woolworths.com.au/images/1005/703827.jpg?impolicy=wowsmkqiema&w=260&h=260,$5.50,$13.75 / 1KG,4.3,854, Add to cart , Save to list 
Vegie Delights Plant Based Hot Dogs 300g,https://www.woolworths.com.au/shop/productdetails/249729/vegie-delights-plant-based-hot-dogs,https://www.woolworths.com.au/content/promotiontags/project-harvest-roundel-1-for-1-v2-200x200.png,https://assets.woolworths.com.au/images/1005/249729.jpg?impolicy=wowsmkqiema&w=260&h=260,$7.00,$23.33 / 1KG,,, Add to cart , Save to list 
Woolworths Danish Style Fetta 200g,https://www.woolworths.com.au/shop/productdetails/452086/woolworths-danish-style-fetta,,https://assets.woolworths.com.au/images/1005/452086.jpg?impolicy=wowsmkqiema&w=260&h=260,$3.50,$17.50 / 1KG,4.4,1025, Add to cart , Save to list 
Bega Tasty Cheese 500g,https://www.woolworths.com.au/shop/productdetails/40471/bega-tasty-cheese,https://www.woolworths.com.au/content/promotiontags/local-seals-nsw.png,https://assets.woolworths.com.au/images/1005/40471.jpg?impolicy=wowsmkqiema&w=260&h=260,$9.50,$19.00 / 1KG,,, Add to cart , Save to list 
Oatly Oat Milk Barista Edition 1l,https://www.woolworths.com.au/shop/productdetails/847886/oatly-oat-milk-barista-edition,https://www.woolworths.com.au/content/promotiontags/online-only-special-green-roundel.png,https://assets.woolworths.com.au/images/1005/847886.jpg?impolicy=wowsmkqiema&w=260&h=260,$5.50,$5.50 / 1L,,, Add to cart , Save to list 
Primo Stackers Chicken Cheese & Crackers 45g,https://www.woolworths.com.au/shop/productdetails/96938/primo-stackers-chicken-cheese-crackers,https://www.woolworths.com.au/content/promotiontags/roundel-special-200x200.png,https://assets.woolworths.com.au/images/1005/96938.jpg?impolicy=wowsmkqiema&w=260&h=260,$3.70,$82.22 / 1KG,,, Add to cart , Save to list 
Yoplait Strawberry Sundae Pouch Yogurt 130g,https://www.woolworths.com.au/shop/productdetails/243055/yoplait-strawberry-sundae-pouch-yogurt,https://www.woolworths.com.au/content/promotiontags/project-harvest-roundel-2-for-1-v2-200x200.png,https://assets.woolworths.com.au/images/1005/243055.jpg?impolicy=wowsmkqiema&w=260&h=260,$1.80,$1.38 / 100G,,, Add to cart , Save to list 
Dari's Chicken Noodle Soup 550g,https://www.woolworths.com.au/shop/productdetails/181143/dari-s-chicken-noodle-soup,https://www.woolworths.com.au/content/promotiontags/roundel-special-200x200.png,https://assets.woolworths.com.au/images/1005/181143.jpg?impolicy=wowsmkqiema&w=260&h=260,$5.85,$1.06 / 100G,,, Add to cart , Save to list 
Woolworths Long Life Custard 1l,https://www.woolworths.com.au/shop/productdetails/57785/woolworths-long-life-custard,,https://assets.woolworths.com.au/images/1005/57785.jpg?impolicy=wowsmkqiema&w=260&h=260,$2.50,$0.25 / 100ML,4.3,391, Add to cart , Save to list 
Woolworths Beetroot Fresh Beetroot 250g,https://www.woolworths.com.au/shop/productdetails/780371/woolworths-beetroot-fresh-beetroot,https://www.woolworths.com.au/content/promotiontags/supporting-aus-grown-roundel-200x200.png,https://assets.woolworths.com.au/images/1005/780371.jpg?impolicy=wowsmkqiema&w=260&h=260,$3.00,$12.00 / 1KG,4.1,770, Add to cart , Save to list 
Yumi's Roasted Capsicum & Cashew Dip 200g,https://www.woolworths.com.au/shop/productdetails/626243/yumi-s-roasted-capsicum-cashew-dip,https://www.woolworths.com.au/content/promotiontags/roundel-special-200x200.png,https://assets.woolworths.com.au/images/1005/626243.jpg?impolicy=wowsmkqiema&w=260&h=260,$3.30,$1.65 / 100G,,, Add to cart , Save to list 
Strength Meals Co Smoky Pea And Ham High Protein Soup 400g,https://www.woolworths.com.au/shop/productdetails/155851/strength-meals-co-smoky-pea-and-ham-high-protein-soup,https://www.woolworths.com.au/content/promotiontags/final_only_at_woolworths_roundel_200x200.png,https://assets.woolworths.com.au/images/1005/155851.jpg?impolicy=wowsmkqiema&w=260&h=260,$5.50,$1.38 / 100G,5.0,1, Add to cart , Save to list 
Wicked Sister Strawberry Panna Cotta 150g X2 Pack,https://www.woolworths.com.au/shop/productdetails/94368/wicked-sister-strawberry-panna-cotta,,https://assets.woolworths.com.au/images/1005/94368.jpg?impolicy=wowsmkqiema&w=260&h=260,$4.40,$1.47 / 100G,,, Add to cart , Save to list 
Devondale Skim Long Life Milk 1l,https://www.woolworths.com.au/shop/productdetails/33637/devondale-skim-long-life-milk,,https://assets.woolworths.com.au/images/1005/33637.jpg?impolicy=wowsmkqiema&w=260&h=260,$2.20,$2.20 / 1L,,, Add to cart , Save to list 
Liddells Full Cream Long Life Milk Lactose Free 1l,https://www.woolworths.com.au/shop/productdetails/32063/liddells-full-cream-long-life-milk-lactose-free,,https://assets.woolworths.com.au/images/1005/32063.jpg?impolicy=wowsmkqiema&w=260&h=260,$3.00,$3.00 / 1L,,, Add to cart , Save to list 
Yoplait Le Rice Classic Vanilla 2 Pack,https://www.woolworths.com.au/shop/productdetails/205057/yoplait-le-rice-classic-vanilla,https://www.woolworths.com.au/content/promotiontags/roundel-buy-more-save-more-200x200.png,https://assets.woolworths.com.au/images/1005/205057.jpg?impolicy=wowsmkqiema&w=260&h=260,$3.50,$1.17 / 100G,,, Add to cart , Save to list 
Woolworths Skim Milk 1l,https://www.woolworths.com.au/shop/productdetails/51379/woolworths-skim-milk,https://www.woolworths.com.au/content/promotiontags/supporting-aus-milk-roundel-200x200.png,https://assets.woolworths.com.au/images/1005/51379.jpg?impolicy=wowsmkqiema&w=260&h=260,$1.60,$1.60 / 1L,,, Add to cart , Save to list 
Dari's Chicken & Corn Soup 550g,https://www.woolworths.com.au/shop/productdetails/181922/dari-s-chicken-corn-soup,https://www.woolworths.com.au/content/promotiontags/roundel-special-200x200.png,https://assets.woolworths.com.au/images/1005/181922.jpg?impolicy=wowsmkqiema&w=260&h=260,$5.85,$1.06 / 100G,,, Add to cart , Save to list 
Pauls Banana Custard Banana 70g,https://www.woolworths.com.au/shop/productdetails/547996/pauls-banana-custard-banana,,https://assets.woolworths.com.au/images/1005/547996.jpg?impolicy=wowsmkqiema&w=260&h=260,$1.90,$2.71 / 100G,,, Add to cart , Save to list 
Willow Farm Dip Hommus 200g,https://www.woolworths.com.au/shop/productdetails/323320/willow-farm-dip-hommus,,https://assets.woolworths.com.au/images/1005/323320.jpg?impolicy=wowsmkqiema&w=260&h=260,$2.50,$1.25 / 100G,,, Add to cart , Save to list 
Dari's Hearty Chicken Soup 550g,https://www.woolworths.com.au/shop/productdetails/180787/dari-s-hearty-chicken-soup,https://www.woolworths.com.au/content/promotiontags/roundel-special-200x200.png,https://assets.woolworths.com.au/images/1005/180787.jpg?impolicy=wowsmkqiema&w=260&h=260,$5.85,$1.06 / 100G,,, Add to cart , Save to list 
Perfect Italiano Shaved Parmesan 125g,https://www.woolworths.com.au/shop/productdetails/360904/perfect-italiano-shaved-parmesan,,https://assets.woolworths.com.au/images/1005/360904.jpg?impolicy=wowsmkqiema&w=260&h=260,$4.00,$32.00 / 1KG,,, Add to cart , Save to list 
Gippsland Dairy Caramel Craving Yoghurt With Darrell Lea Chocolate & Fudge 140g,https://www.woolworths.com.au/shop/productdetails/230440/gippsland-dairy-caramel-craving-yoghurt-with-darrell-lea-chocolate-fudge,,https://assets.woolworths.com.au/images/1005/230440.jpg?impolicy=wowsmkqiema&w=260&h=260,$3.85,$2.75 / 100G,,, Add to cart , Save to list 
Yumi's Italian Olive Dip 200g,https://www.woolworths.com.au/shop/productdetails/120737/yumi-s-italian-olive-dip,https://www.woolworths.com.au/content/promotiontags/roundel-special-200x200.png,https://assets.woolworths.com.au/images/1005/120737.jpg?impolicy=wowsmkqiema&w=260&h=260,$3.30,$1.65 / 100G,,, Add to cart , Save to list 
Gippsland Dairy With Darrell Lea White Choc Raspberry Yoghurt Mix Ins 140g,https://www.woolworths.com.au/shop/productdetails/230813/gippsland-dairy-with-darrell-lea-white-choc-raspberry-yoghurt-mix-ins,,https://assets.woolworths.com.au/images/1005/230813.jpg?impolicy=wowsmkqiema&w=260&h=260,$3.85,$2.75 / 100G,,, Add to cart , Save to list 
Sanitarium So Good Oat No Added Sugar Uht Milk 1l,https://www.woolworths.com.au/shop/productdetails/120207/sanitarium-so-good-oat-no-added-sugar-uht-milk,https://www.woolworths.com.au/content/promotiontags/project-harvest-roundel-1-for-1-v2-200x200.png,https://assets.woolworths.com.au/images/1005/120207.jpg?impolicy=wowsmkqiema&w=260&h=260,$2.80,$2.80 / 1L,,, Add to cart , Save to list 
Woolworths Creamy Potato Salad 400g,https://www.woolworths.com.au/shop/productdetails/793191/woolworths-creamy-potato-salad,,https://assets.woolworths.com.au/images/1005/793191.jpg?impolicy=wowsmkqiema&w=260&h=260,$5.50,$1.38 / 100G,4.0,614, Add to cart , Save to list 
Woolworths Classic Coleslaw 800g,https://www.woolworths.com.au/shop/productdetails/311534/woolworths-classic-coleslaw,,https://assets.woolworths.com.au/images/1005/311534.jpg?impolicy=wowsmkqiema&w=260&h=260,$7.00,$0.88 / 100G,4.2,347, Add to cart , Save to list 
Fresh Fodder Taramosalata 200g,https://www.woolworths.com.au/shop/productdetails/714693/fresh-fodder-taramosalata,,https://assets.woolworths.com.au/images/1005/714693.jpg?impolicy=wowsmkqiema&w=260&h=260,$5.40,$2.70 / 100G,,, Add to cart , Save to list 
Woolworths Vegetable Spring Rolls Chilled Meal 200g,https://www.woolworths.com.au/shop/productdetails/162607/woolworths-vegetable-spring-rolls-chilled-meal,,https://assets.woolworths.com.au/images/1005/162607.jpg?impolicy=wowsmkqiema&w=260&h=260,$6.50,$3.25 / 100G,3.9,270, Add to cart , Save to list 
Essentials Salted Butter 250g,https://www.woolworths.com.au/shop/productdetails/48649/essentials-salted-butter,,https://assets.woolworths.com.au/images/1005/48649.jpg?impolicy=wowsmkqiema&w=260&h=260,$3.70,$1.48 / 100G,4.6,696, Add to cart , Save to list 
Essentials Unsalted Butter 250g,https://www.woolworths.com.au/shop/productdetails/76651/essentials-unsalted-butter,,https://assets.woolworths.com.au/images/1005/76651.jpg?impolicy=wowsmkqiema&w=260&h=260,$3.70,$1.48 / 100G,4.6,664, Add to cart , Save to list 
Vitasoy Greek Style Soy Yogurt Hint Of Vanilla 450g,https://www.woolworths.com.au/shop/productdetails/229911/vitasoy-greek-style-soy-yogurt-hint-of-vanilla,https://www.woolworths.com.au/content/promotiontags/roundel-special-200x200.png,https://assets.woolworths.com.au/images/1005/229911.jpg?impolicy=wowsmkqiema&w=260&h=260,$4.50,$1.00 / 100G,,, Add to cart , Save to list 
Westgold Butter Unsalted 400g,https://www.woolworths.com.au/shop/productdetails/504590/westgold-butter-unsalted,,https://assets.woolworths.com.au/images/1005/504590.jpg?impolicy=wowsmkqiema&w=260&h=260,$5.80,$1.45 / 100G,,, Add to cart , Save to list 
Chobani Banana Caramel Greek Yoghurt Pouch 140g,https://www.woolworths.com.au/shop/productdetails/243152/chobani-banana-caramel-greek-yoghurt-pouch,,https://assets.woolworths.com.au/images/1005/243152.jpg?impolicy=wowsmkqiema&w=260&h=260,,,,,, Save to list 
Made With Plants Meat Free Bacon 200g,https://www.woolworths.com.au/shop/productdetails/90398/made-with-plants-meat-free-bacon,,https://assets.woolworths.com.au/images/1005/90398.jpg?impolicy=wowsmkqiema&w=260&h=260,$9.00,$45.00 / 1KG,,, Add to cart , Save to list 
Tablelands Health Smart Reduced Cholesterol Spread 500g,https://www.woolworths.com.au/shop/productdetails/348995/tablelands-health-smart-reduced-cholesterol-spread,,https://assets.woolworths.com.au/images/1005/348995.jpg?impolicy=wowsmkqiema&w=260&h=260,$5.25,$1.05 / 100G,,, Add to cart , Save to list 
Macro Thai Green Curry Tempeh 200g,https://www.woolworths.com.au/shop/productdetails/92233/macro-thai-green-curry-tempeh,,https://assets.woolworths.com.au/images/1005/92233.jpg?impolicy=wowsmkqiema&w=260&h=260,$5.50,$27.50 / 1KG,3.2,441, Add to cart , Save to list 
Coyo Organic Coconut Yoghurt Vanilla Bean 500g,https://www.woolworths.com.au/shop/productdetails/622919/coyo-organic-coconut-yoghurt-vanilla-bean,,https://assets.woolworths.com.au/images/1005/622919.jpg?impolicy=wowsmkqiema&w=260&h=260,$8.50,$1.70 / 100G,,, Add to cart , Save to list 
Dari's Classic Vegetable Soup 550g,https://www.woolworths.com.au/shop/productdetails/180711/dari-s-classic-vegetable-soup,https://www.woolworths.com.au/content/promotiontags/roundel-special-200x200.png,https://assets.woolworths.com.au/images/1005/180711.jpg?impolicy=wowsmkqiema&w=260&h=260,$5.85,$1.06 / 100G,,, Add to cart , Save to list 
The Salad Servers Salad Bean Medley 300g,https://www.woolworths.com.au/shop/productdetails/839321/the-salad-servers-salad-bean-medley,,https://assets.woolworths.com.au/images/1005/839321.jpg?impolicy=wowsmkqiema&w=260&h=260,$6.30,$2.10 / 100G,5.0,1, Add to cart , Save to list 
Supafry Solid Oil 500g,https://www.woolworths.com.au/shop/productdetails/48023/supafry-solid-oil,,https://assets.woolworths.com.au/images/1005/48023.jpg?impolicy=wowsmkqiema&w=260&h=260,$4.50,$0.90 / 100G,,, Add to cart , Save to list 
Woolworths Cream Cheese Block 225g,https://www.woolworths.com.au/shop/productdetails/624195/woolworths-cream-cheese-block,,https://assets.woolworths.com.au/images/1005/624195.jpg?impolicy=wowsmkqiema&w=260&h=260,$3.25,$14.44 / 1KG,4.5,500, Add to cart , Save to list 
Lurpak Spreadable Slightly Salted 400g,https://www.woolworths.com.au/shop/productdetails/87702/lurpak-spreadable-slightly-salted,,https://assets.woolworths.com.au/images/1005/87702.jpg?impolicy=wowsmkqiema&w=260&h=260,$7.00,$1.75 / 100G,,, Add to cart , Save to list 
Simply Eggs 12 Extra Large Cage Free Eggs 700g,https://www.woolworths.com.au/shop/productdetails/118213/simply-eggs-12-extra-large-cage-free-eggs,,https://assets.woolworths.com.au/images/1005/118213.jpg?impolicy=wowsmkqiema&w=260&h=260,,,,,, Save to list 
Woolworths Extra Tasty Cheese Slices 500g,https://www.woolworths.com.au/shop/productdetails/224944/woolworths-extra-tasty-cheese-slices,,https://assets.woolworths.com.au/images/1005/224944.jpg?impolicy=wowsmkqiema&w=260&h=260,$9.00,$18.00 / 1KG,4.6,2066, Add to cart , Save to list 
Primo Duos Mild Twiggy Bites & Cheese Snack 50g,https://www.woolworths.com.au/shop/productdetails/104409/primo-duos-mild-twiggy-bites-cheese-snack,https://www.woolworths.com.au/content/promotiontags/roundel-special-200x200.png,https://assets.woolworths.com.au/images/1005/104409.jpg?impolicy=wowsmkqiema&w=260&h=260,$3.70,$74.00 / 1KG,,, Add to cart , Save to list 
Pureharvest Coco Quench Coconut Milk 1l,https://www.woolworths.com.au/shop/productdetails/793391/pureharvest-coco-quench-coconut-milk,https://www.woolworths.com.au/content/promotiontags/roundel-special-200x200.png,https://assets.woolworths.com.au/images/1005/793391.jpg?impolicy=wowsmkqiema&w=260&h=260,$2.00,$2.00 / 1L,,, Add to cart , Save to list 
Woolworths Spread Olive Oil 500g,https://www.woolworths.com.au/shop/productdetails/492690/woolworths-spread-olive-oil,,https://assets.woolworths.com.au/images/1005/492690.jpg?impolicy=wowsmkqiema&w=260&h=260,$3.80,$0.76 / 100G,4.1,1250, Add to cart , Save to list 
Vitasoy Greek Style Soy Yogurt Plain Thick & Creamy 450g,https://www.woolworths.com.au/shop/productdetails/230434/vitasoy-greek-style-soy-yogurt-plain-thick-creamy,,https://assets.woolworths.com.au/images/1005/230434.jpg?impolicy=wowsmkqiema&w=260&h=260,,,,,, Save to list 
Nestle Sweetened Condensed Milk 395g,https://www.woolworths.com.au/shop/productdetails/105914/nestle-sweetened-condensed-milk,https://www.woolworths.com.au/content/promotiontags/roundel-special-200x200.png,https://assets.woolworths.com.au/images/1005/105914.jpg?impolicy=wowsmkqiema&w=260&h=260,$2.20,$0.56 / 100G,,, Add to cart , Save to list 
Pauls Zymil Coffee 400ml,https://www.woolworths.com.au/shop/productdetails/121501/pauls-zymil-coffee,,https://assets.woolworths.com.au/images/1005/121501.jpg?impolicy=wowsmkqiema&w=260&h=260,,,,,, Save to list 
Rana Ricotta & Spinach Tortellini 565g,https://www.woolworths.com.au/shop/productdetails/120541/rana-ricotta-spinach-tortellini,,https://assets.woolworths.com.au/images/1005/120541.jpg?impolicy=wowsmkqiema&w=260&h=260,$10.00,$1.77 / 100G,,, Add to cart , Save to list 
Woolworths Brie 125g,https://www.woolworths.com.au/shop/productdetails/452080/woolworths-brie,,https://assets.woolworths.com.au/images/1005/452080.jpg?impolicy=wowsmkqiema&w=260&h=260,$3.00,$24.00 / 1KG,,, Add to cart , Save to list 
Woolworths Egg & Bacon Potato Salad 400g,https://www.woolworths.com.au/shop/productdetails/157168/woolworths-egg-bacon-potato-salad,,https://assets.woolworths.com.au/images/1005/157168.jpg?impolicy=wowsmkqiema&w=260&h=260,$5.80,$1.45 / 100G,3.8,549, Add to cart , Save to list 
Woolworths Whipped Cream 250g,https://www.woolworths.com.au/shop/productdetails/295648/woolworths-whipped-cream,,https://assets.woolworths.com.au/images/1005/295648.jpg?impolicy=wowsmkqiema&w=260&h=260,$5.60,$2.24 / 100G,4.4,1253, Add to cart , Save to list 
Pureharvest Almond Milk Unsweetened 1l,https://www.woolworths.com.au/shop/productdetails/858008/pureharvest-almond-milk-unsweetened,,https://assets.woolworths.com.au/images/1005/858008.jpg?impolicy=wowsmkqiema&w=260&h=260,$3.10,$3.10 / 1L,,, Add to cart , Save to list 
Sanitarium So Good Chilled Regular Soy Milk 1l,https://www.woolworths.com.au/shop/productdetails/22771/sanitarium-so-good-chilled-regular-soy-milk,https://www.woolworths.com.au/content/promotiontags/roundel-special-200x200.png,https://assets.woolworths.com.au/images/1005/22771.jpg?impolicy=wowsmkqiema&w=260&h=260,$2.30,$2.30 / 1L,,, Add to cart , Save to list 
Pauls Zymil Light Thickened Cream Lactose Free 300ml,https://www.woolworths.com.au/shop/productdetails/705287/pauls-zymil-light-thickened-cream-lactose-free,,https://assets.woolworths.com.au/images/1005/705287.jpg?impolicy=wowsmkqiema&w=260&h=260,,,,,, Save to list 
Vitasoy Chocolate Milk 1l,https://www.woolworths.com.au/shop/productdetails/208817/vitasoy-chocolate-milk,,https://assets.woolworths.com.au/images/1005/208817.jpg?impolicy=wowsmkqiema&w=260&h=260,,,,,, Save to list 
Woolworths Classic Coleslaw 400g,https://www.woolworths.com.au/shop/productdetails/382779/woolworths-classic-coleslaw,,https://assets.woolworths.com.au/images/1005/382779.jpg?impolicy=wowsmkqiema&w=260&h=260,$5.50,$1.38 / 100G,4.1,423, Add to cart , Save to list 
Vegie Delights Plant Based Vegie Roast 480g,https://www.woolworths.com.au/shop/productdetails/496525/vegie-delights-plant-based-vegie-roast,https://www.woolworths.com.au/content/promotiontags/project-harvest-roundel-1-for-1-v2-200x200.png,https://assets.woolworths.com.au/images/1005/496525.jpg?impolicy=wowsmkqiema&w=260&h=260,$9.00,$18.75 / 1KG,,, Add to cart , Save to list 
Village Natural Yoghurt 2kg,https://www.woolworths.com.au/shop/productdetails/841160/village-natural-yoghurt,,https://assets.woolworths.com.au/images/1005/841160.jpg?impolicy=wowsmkqiema&w=260&h=260,$9.00,$0.45 / 100G,,, Add to cart , Save to list 
Woolworths Creamy Pasta Salad 110g,https://www.woolworths.com.au/shop/productdetails/793415/woolworths-creamy-pasta-salad,,https://assets.woolworths.com.au/images/1005/793415.jpg?impolicy=wowsmkqiema&w=260&h=260,$2.80,$2.55 / 100G,4.2,472, Add to cart , Save to list 
Perfect Italiano Pizza Plus Cheese 450g,https://www.woolworths.com.au/shop/productdetails/769584/perfect-italiano-pizza-plus-cheese,https://www.woolworths.com.au/content/promotiontags/roundel-special-200x200.png,https://assets.woolworths.com.au/images/1005/769584.jpg?impolicy=wowsmkqiema&w=260&h=260,$7.00,$15.56 / 1KG,,, Add to cart , Save to list 
Sanitarium So Good Long Life Original Almond Milk 1l,https://www.woolworths.com.au/shop/productdetails/710014/sanitarium-so-good-long-life-original-almond-milk,https://www.woolworths.com.au/content/promotiontags/project-harvest-roundel-1-for-1-v2-200x200.png,https://assets.woolworths.com.au/images/1005/710014.jpg?impolicy=wowsmkqiema&w=260&h=260,$2.90,$2.90 / 1L,,, Add to cart , Save to list 
Woolworths Mozzarella Shredded Cheese 250g,https://www.woolworths.com.au/shop/productdetails/536508/woolworths-mozzarella-shredded-cheese,,https://assets.woolworths.com.au/images/1005/536508.jpg?impolicy=wowsmkqiema&w=260&h=260,,,4.6,668,, Save to list 
Unreal Co. Plant Based Chick'n Chives Sausages 350g,https://www.woolworths.com.au/shop/productdetails/65254/unreal-co-plant-based-chick-n-chives-sausages,,https://assets.woolworths.com.au/images/1005/65254.jpg?impolicy=wowsmkqiema&w=260&h=260,$7.00,$20.00 / 1KG,,, Add to cart , Save to list 
Hillview Cheese Slices Reduced Fat 500g,https://www.woolworths.com.au/shop/productdetails/558547/hillview-cheese-slices-reduced-fat,,https://assets.woolworths.com.au/images/1005/558547.jpg?impolicy=wowsmkqiema&w=260&h=260,$5.00,$10.00 / 1KG,,, Add to cart , Save to list 
Sanitarium So Good Barista Edition Oat Milk 1l,https://www.woolworths.com.au/shop/productdetails/83273/sanitarium-so-good-barista-edition-oat-milk,https://www.woolworths.com.au/content/promotiontags/project-harvest-roundel-1-for-1-v2-200x200.png,https://assets.woolworths.com.au/images/1005/83273.jpg?impolicy=wowsmkqiema&w=260&h=260,$4.00,$4.00 / 1L,,, Add to cart , Save to list 
Obela Hommus To Go Classic & Sakata Crackers 125g,https://www.woolworths.com.au/shop/productdetails/780071/obela-hommus-to-go-classic-sakata-crackers,https://www.woolworths.com.au/content/promotiontags/roundel-buy-more-save-more-200x200.png,https://assets.woolworths.com.au/images/1005/780071.jpg?impolicy=wowsmkqiema&w=260&h=260,$3.50,$2.80 / 100G,,, Add to cart , Save to list 
Latina Fresh Beef Ravioli 625g,https://www.woolworths.com.au/shop/productdetails/54267/latina-fresh-beef-ravioli,,https://assets.woolworths.com.au/images/1005/54267.jpg?impolicy=wowsmkqiema&w=260&h=260,$10.00,$1.60 / 100G,,, Add to cart , Save to list 
Jalna Sweet & Creamy Greek Yoghurt 2kg,https://www.woolworths.com.au/shop/productdetails/923882/jalna-sweet-creamy-greek-yoghurt,,https://assets.woolworths.com.au/images/1005/923882.jpg?impolicy=wowsmkqiema&w=260&h=260,$14.00,$0.70 / 100G,,, Add to cart , Save to list 
Woolworths Cherry Bocconcini 220g,https://www.woolworths.com.au/shop/productdetails/810779/woolworths-cherry-bocconcini,,https://assets.woolworths.com.au/images/1005/810779.jpg?impolicy=wowsmkqiema&w=260&h=260,$4.40,$20.00 / 1KG,4.3,935, Add to cart , Save to list 
Leggos Ravioli Beef Tomato & Parmesan 360g,https://www.woolworths.com.au/shop/productdetails/321835/leggos-ravioli-beef-tomato-parmesan,,https://assets.woolworths.com.au/images/1005/321835.jpg?impolicy=wowsmkqiema&w=260&h=260,$7.00,$1.94 / 100G,,, Add to cart , Save to list 
Bega Stringers Lactose Free Cheese 8 Pack,https://www.woolworths.com.au/shop/productdetails/193896/bega-stringers-lactose-free-cheese,https://www.woolworths.com.au/content/promotiontags/roundel-special-200x200.png,https://assets.woolworths.com.au/images/1005/193896.jpg?impolicy=wowsmkqiema&w=260&h=260,$5.00,$31.25 / 1KG,,, Add to cart , Save to list 
Farmers Union Greek Style Lactose Free Yoghurt 500g,https://www.woolworths.com.au/shop/productdetails/85067/farmers-union-greek-style-lactose-free-yoghurt,,https://assets.woolworths.com.au/images/1005/85067.jpg?impolicy=wowsmkqiema&w=260&h=260,$4.50,$0.90 / 100G,,, Add to cart , Save to list 
Yumi's Traditional Garlic Dip 200g,https://www.woolworths.com.au/shop/productdetails/85313/yumi-s-traditional-garlic-dip,https://www.woolworths.com.au/content/promotiontags/roundel-special-200x200.png,https://assets.woolworths.com.au/images/1005/85313.jpg?impolicy=wowsmkqiema&w=260&h=260,$3.30,$1.65 / 100G,,, Add to cart , Save to list 
Perfect Italiano Romano Cheese Block 200g,https://www.woolworths.com.au/shop/productdetails/859721/perfect-italiano-romano-cheese-block,,https://assets.woolworths.com.au/images/1005/859721.jpg?impolicy=wowsmkqiema&w=260&h=260,$7.00,$35.00 / 1KG,,, Add to cart , Save to list 
Manning Valley 12 Extra Large Free Range Eggs 700g,https://www.woolworths.com.au/shop/productdetails/313900/manning-valley-12-extra-large-free-range-eggs,,https://assets.woolworths.com.au/images/1005/313900.jpg?impolicy=wowsmkqiema&w=260&h=260,$6.80,$0.97 / 100G,4.0,1, Add to cart , Save to list 
Australia's Own Unsweetened Almond Milk 1l,https://www.woolworths.com.au/shop/productdetails/924245/australia-s-own-unsweetened-almond-milk,https://www.woolworths.com.au/content/promotiontags/roundel-special-200x200.png,https://assets.woolworths.com.au/images/1005/924245.jpg?impolicy=wowsmkqiema&w=260&h=260,$2.30,$2.30 / 1L,,, Add to cart , Save to list 
Dari's Lentil Soup 550g,https://www.woolworths.com.au/shop/productdetails/180479/dari-s-lentil-soup,https://www.woolworths.com.au/content/promotiontags/roundel-special-200x200.png,https://assets.woolworths.com.au/images/1005/180479.jpg?impolicy=wowsmkqiema&w=260&h=260,$5.85,$1.06 / 100G,,, Add to cart , Save to list 
Pitango Free Range Chicken & Vegetable Soup 600g,https://www.woolworths.com.au/shop/productdetails/155239/pitango-free-range-chicken-vegetable-soup,,https://assets.woolworths.com.au/images/1005/155239.jpg?impolicy=wowsmkqiema&w=260&h=260,$7.00,$1.17 / 100G,,, Add to cart , Save to list 
Australia's Own Barista Almond 1l,https://www.woolworths.com.au/shop/productdetails/64810/australia-s-own-barista-almond,https://www.woolworths.com.au/content/promotiontags/roundel-special-200x200.png,https://assets.woolworths.com.au/images/1005/64810.jpg?impolicy=wowsmkqiema&w=260&h=260,$3.60,$3.60 / 1L,,, Add to cart , Save to list 
Dairy Farmers Heart Active Light Milk 1l,https://www.woolworths.com.au/shop/productdetails/330251/dairy-farmers-heart-active-light-milk,,https://assets.woolworths.com.au/images/1005/330251.jpg?impolicy=wowsmkqiema&w=260&h=260,$3.70,$3.70 / 1L,,, Add to cart , Save to list 
Vitasoy Prebiotic Oat Milk 1l,https://www.woolworths.com.au/shop/productdetails/83494/vitasoy-prebiotic-oat-milk,https://www.woolworths.com.au/content/promotiontags/roundel-special-200x200.png,https://assets.woolworths.com.au/images/1005/83494.jpg?impolicy=wowsmkqiema&w=260&h=260,$2.80,$2.80 / 1L,,, Add to cart , Save to list 
Cheer Cheese Slices Tasty 750g,https://www.woolworths.com.au/shop/productdetails/165838/cheer-cheese-slices-tasty,,https://assets.woolworths.com.au/images/1005/165838.jpg?impolicy=wowsmkqiema&w=260&h=260,$14.00,$18.67 / 1KG,5.0,1, Add to cart , Save to list 
Evergreen Gyoza Wrappers 275g,https://www.woolworths.com.au/shop/productdetails/120289/evergreen-gyoza-wrappers,,https://assets.woolworths.com.au/images/1005/120289.jpg?impolicy=wowsmkqiema&w=260&h=260,$3.00,$1.09 / 100G,,, Add to cart , Save to list 
Woolworths Spinach & Ricotta Tortellini Napolitana Sauce Chilled Meal 350g,https://www.woolworths.com.au/shop/productdetails/827224/woolworths-spinach-ricotta-tortellini-napolitana-sauce-chilled-meal,https://www.woolworths.com.au/content/promotiontags/roundel-buy-more-save-more-200x200.png,https://assets.woolworths.com.au/images/1005/827224.jpg?impolicy=wowsmkqiema&w=260&h=260,$7.00,$2.00 / 100G,3.8,676, Add to cart , Save to list 
Jalna Fat Free Yoghurt 1kg,https://www.woolworths.com.au/shop/productdetails/43053/jalna-fat-free-yoghurt,https://www.woolworths.com.au/content/promotiontags/roundel-special-200x200.png,https://assets.woolworths.com.au/images/1005/43053.jpg?impolicy=wowsmkqiema&w=260&h=260,$6.50,$0.65 / 100G,,, Add to cart , Save to list 
Pauls Zymil Custard Vanilla 1kg,https://www.woolworths.com.au/shop/productdetails/436516/pauls-zymil-custard-vanilla-vanilla,,https://assets.woolworths.com.au/images/1005/436516.jpg?impolicy=wowsmkqiema&w=260&h=260,$6.40,$0.64 / 100G,,, Add to cart , Save to list 
Sanitarium So Good Barista Edition Soy Milk 1l,https://www.woolworths.com.au/shop/productdetails/83995/sanitarium-so-good-barista-edition-soy-milk,https://www.woolworths.com.au/content/promotiontags/project-harvest-roundel-1-for-1-v2-200x200.png,https://assets.woolworths.com.au/images/1005/83995.jpg?impolicy=wowsmkqiema&w=260&h=260,$3.00,$3.00 / 1L,,, Add to cart , Save to list 
Dairy Farmers Skim Milk 2l,https://www.woolworths.com.au/shop/productdetails/89926/dairy-farmers-skim-milk-skim-milk,https://www.woolworths.com.au/content/promotiontags/supporting-aus-milk-roundel-200x200.png,https://assets.woolworths.com.au/images/1005/89926.jpg?impolicy=wowsmkqiema&w=260&h=260,$4.50,$2.25 / 1L,,, Add to cart , Save to list 
Mainland Buttersoft Pure Salted Butter 375g,https://www.woolworths.com.au/shop/productdetails/57182/mainland-buttersoft-pure-salted-butter,,https://assets.woolworths.com.au/images/1005/57182.jpg?impolicy=wowsmkqiema&w=260&h=260,$7.50,$2.00 / 100G,,, Add to cart , Save to list 
Perfect Italiano Extra Sharp Grated Parmesan 125g,https://www.woolworths.com.au/shop/productdetails/302306/perfect-italiano-extra-sharp-grated-parmesan,,https://assets.woolworths.com.au/images/1005/302306.jpg?impolicy=wowsmkqiema&w=260&h=260,$4.00,$32.00 / 1KG,,, Add to cart , Save to list 
Bulla Thickened Cream 300ml,https://www.woolworths.com.au/shop/productdetails/42812/bulla-thickened-cream,,https://assets.woolworths.com.au/images/1005/42812.jpg?impolicy=wowsmkqiema&w=260&h=260,$3.50,$1.17 / 100ML,,, Add to cart , Save to list 
Philadelphia Original Cream Cheese Spread Tub 250g,https://www.woolworths.com.au/shop/productdetails/79223/philadelphia-original-cream-cheese-spread-tub,,https://assets.woolworths.com.au/images/1005/79223.jpg?impolicy=wowsmkqiema&w=260&h=260,$5.70,$22.80 / 1KG,,, Add to cart , Save to list 
Gippsland Dairy With Darrell Lea Rocklea Road Yoghurt Mix Ins 140g,https://www.woolworths.com.au/shop/productdetails/230834/gippsland-dairy-with-darrell-lea-rocklea-road-yoghurt-mix-ins,,https://assets.woolworths.com.au/images/1005/230834.jpg?impolicy=wowsmkqiema&w=260&h=260,$3.85,$2.75 / 100G,,, Add to cart , Save to list 
Sunny Queen 18 Large Free Range Eggs 900g,https://www.woolworths.com.au/shop/productdetails/771237/sunny-queen-18-large-free-range-eggs,,https://assets.woolworths.com.au/images/1005/771237.jpg?impolicy=wowsmkqiema&w=260&h=260,$9.45,$1.05 / 100G,1.0,1, Add to cart , Save to list 
Rokeby Farms Probiotic Filmjolk Yoghurt Blueberry 750g,https://www.woolworths.com.au/shop/productdetails/624764/rokeby-farms-probiotic-filmjolk-yoghurt-blueberry,,https://assets.woolworths.com.au/images/1005/624764.jpg?impolicy=wowsmkqiema&w=260&h=260,$5.00,$0.67 / 100G,,, Add to cart , Save to list 
Siggi's Yoghurt Natural 500g,https://www.woolworths.com.au/shop/productdetails/187349/siggi-s-yoghurt-natural,https://www.woolworths.com.au/content/promotiontags/final_only_at_woolworths_roundel_200x200.png,https://assets.woolworths.com.au/images/1005/187349.jpg?impolicy=wowsmkqiema&w=260&h=260,$4.50,$0.90 / 100G,,, Add to cart , Save to list 
Vaalia Probiotic Kefir Vanilla Yoghurt 700g,https://www.woolworths.com.au/shop/productdetails/204681/vaalia-probiotic-kefir-vanilla-yoghurt,https://www.woolworths.com.au/content/promotiontags/roundel-special-200x200.png,https://assets.woolworths.com.au/images/1005/204681.jpg?impolicy=wowsmkqiema&w=260&h=260,$4.70,$0.67 / 100G,,, Add to cart , Save to list 
Woolworths Classic Coleslaw 110g,https://www.woolworths.com.au/shop/productdetails/793406/woolworths-classic-coleslaw,,https://assets.woolworths.com.au/images/1005/793406.jpg?impolicy=wowsmkqiema&w=260&h=260,$2.80,$2.55 / 100G,4.2,456, Add to cart , Save to list 
Bulla Cooking Cream 300ml,https://www.woolworths.com.au/shop/productdetails/258746/bulla-cooking-cream,,https://assets.woolworths.com.au/images/1005/258746.jpg?impolicy=wowsmkqiema&w=260&h=260,$3.70,$1.23 / 100ML,,, Add to cart , Save to list 
Woolworths Full Cream Milk Powder 1kg,https://www.woolworths.com.au/shop/productdetails/789357/woolworths-full-cream-milk-powder,,https://assets.woolworths.com.au/images/1005/789357.jpg?impolicy=wowsmkqiema&w=260&h=260,$10.00,$1.00 / 100G,4.4,528, Add to cart , Save to list 
Obela Smooth Classic Hommus To Go Singles 60g X3 Pack,https://www.woolworths.com.au/shop/productdetails/925093/obela-smooth-classic-hommus-to-go-singles,https://www.woolworths.com.au/content/promotiontags/roundel-buy-more-save-more-200x200.png,https://assets.woolworths.com.au/images/1005/925093.jpg?impolicy=wowsmkqiema&w=260&h=260,$3.50,$1.94 / 100G,,, Add to cart , Save to list 
Devondale Shredded Tasty Cheese 600g,https://www.woolworths.com.au/shop/productdetails/202498/devondale-shredded-tasty-cheese,,https://assets.woolworths.com.au/images/1005/202498.jpg?impolicy=wowsmkqiema&w=260&h=260,,,,,, Save to list 
Woolworths Extra Tasty Cheese Block 500g,https://www.woolworths.com.au/shop/productdetails/310238/woolworths-extra-tasty-cheese-block,,https://assets.woolworths.com.au/images/1005/310238.jpg?impolicy=wowsmkqiema&w=260&h=260,$7.50,$15.00 / 1KG,4.7,945, Add to cart , Save to list 
Kraft Singles Original 216g,https://www.woolworths.com.au/shop/productdetails/791361/kraft-singles-original-original,,https://assets.woolworths.com.au/images/1005/791361.jpg?impolicy=wowsmkqiema&w=260&h=260,$5.25,$24.31 / 1KG,,, Add to cart , Save to list 
Woolworths Shredded Parmesan Cheese 250g,https://www.woolworths.com.au/shop/productdetails/85587/woolworths-shredded-parmesan-cheese,,https://assets.woolworths.com.au/images/1005/85587.jpg?impolicy=wowsmkqiema&w=260&h=260,$6.30,$25.20 / 1KG,4.6,347, Add to cart , Save to list 
Wicked Sister Panna Cotta Double Choc Gluten Free 2 Pack,https://www.woolworths.com.au/shop/productdetails/208865/wicked-sister-panna-cotta-double-choc-gluten-free,,https://assets.woolworths.com.au/images/1005/208865.jpg?impolicy=wowsmkqiema&w=260&h=260,$4.40,$1.47 / 100G,,, Add to cart , Save to list 
Yoplait Chocolate Banana Pouch Yoghurt 130g,https://www.woolworths.com.au/shop/productdetails/243048/yoplait-chocolate-banana-pouch-yoghurt,https://www.woolworths.com.au/content/promotiontags/project-harvest-roundel-2-for-1-v2-200x200.png,https://assets.woolworths.com.au/images/1005/243048.jpg?impolicy=wowsmkqiema&w=260&h=260,$1.80,$1.38 / 100G,,, Add to cart , Save to list 
Woolworths Vegetable Samosas 200g,https://www.woolworths.com.au/shop/productdetails/135206/woolworths-vegetable-samosas-null,,https://assets.woolworths.com.au/images/1005/135206.jpg?impolicy=wowsmkqiema&w=260&h=260,$6.50,$3.25 / 100G,3.4,443, Add to cart , Save to list 
Starbucks Frappuccino Iced Coffee 280ml,https://www.woolworths.com.au/shop/productdetails/238877/starbucks-frappuccino-iced-coffee-drink,,https://assets.woolworths.com.au/images/1005/238877.jpg?impolicy=wowsmkqiema&w=260&h=260,$4.25,$15.18 / 1L,,, Add to cart , Save to list 
Woolworths Greek Salad Kit 500g,https://www.woolworths.com.au/shop/productdetails/25920/woolworths-greek-salad-kit,,https://assets.woolworths.com.au/images/1005/25920.jpg?impolicy=wowsmkqiema&w=260&h=260,$9.50,$1.90 / 100G,4.5,13, Add to cart , Save to list 
Woolworths 12 X-large Free Range Eggs 700g,https://www.woolworths.com.au/shop/productdetails/224763/woolworths-12-x-large-free-range-eggs,,https://assets.woolworths.com.au/images/1005/224763.jpg?impolicy=wowsmkqiema&w=260&h=260,$5.20,$0.74 / 100G,,, Add to cart , Save to list 
Cheer Cheese Slices Tasty 250g,https://www.woolworths.com.au/shop/productdetails/166522/cheer-cheese-slices-tasty,https://www.woolworths.com.au/content/promotiontags/roundel-special-200x200.png,https://assets.woolworths.com.au/images/1005/166522.jpg?impolicy=wowsmkqiema&w=260&h=260,$6.20,$24.80 / 1KG,,, Add to cart , Save to list 
Yumi's Chipotle Hommus Dip 200g,https://www.woolworths.com.au/shop/productdetails/531850/yumi-s-chipotle-hommus-dip,https://www.woolworths.com.au/content/promotiontags/roundel-special-200x200.png,https://assets.woolworths.com.au/images/1005/531850.jpg?impolicy=wowsmkqiema&w=260&h=260,$3.30,$1.65 / 100G,,, Add to cart , Save to list 
Leggos Fresh Beef Tomato & Parmesan Ravioli 630g,https://www.woolworths.com.au/shop/productdetails/321800/leggos-fresh-beef-tomato-parmesan-ravioli,https://www.woolworths.com.au/content/promotiontags/roundel-special-200x200.png,https://assets.woolworths.com.au/images/1005/321800.jpg?impolicy=wowsmkqiema&w=260&h=260,$7.00,$1.11 / 100G,,, Add to cart , Save to list 
Jalna Whole Milk Yoghurt Lactose Free Vanilla 1kg,https://www.woolworths.com.au/shop/productdetails/659425/jalna-whole-milk-yoghurt-lactose-free-vanilla,,https://assets.woolworths.com.au/images/1005/659425.jpg?impolicy=wowsmkqiema&w=260&h=260,$8.80,$0.88 / 100G,,, Add to cart , Save to list 
Vitasoy Calci Plus Soy Milk 1l,https://www.woolworths.com.au/shop/productdetails/153587/vitasoy-calci-plus-soy-milk,,https://assets.woolworths.com.au/images/1005/153587.jpg?impolicy=wowsmkqiema&w=260&h=260,$3.40,$3.40 / 1L,,, Add to cart , Save to list 
Primo Trios Cabnssi Cheese & Arnott Bbq Shapes 50g,https://www.woolworths.com.au/shop/productdetails/225624/primo-trios-cabnssi-cheese-arnott-bbq-shapes,https://www.woolworths.com.au/content/promotiontags/roundel-special-200x200.png,https://assets.woolworths.com.au/images/1005/225624.jpg?impolicy=wowsmkqiema&w=260&h=260,$3.70,$74.00 / 1KG,,, Add to cart , Save to list 
Woolworths Tasty Light Cheese Slices 500g,https://www.woolworths.com.au/shop/productdetails/224942/woolworths-tasty-light-cheese-slices,,https://assets.woolworths.com.au/images/1005/224942.jpg?impolicy=wowsmkqiema&w=260&h=260,$9.00,$18.00 / 1KG,,, Add to cart , Save to list 
Woolworths Tasty Cheese & Crackers 120g,https://www.woolworths.com.au/shop/productdetails/120581/woolworths-tasty-cheese-crackers,,https://assets.woolworths.com.au/images/1005/120581.jpg?impolicy=wowsmkqiema&w=260&h=260,$4.60,$38.33 / 1KG,4.4,1050, Add to cart , Save to list 
Bulla Thickened Cream 600ml,https://www.woolworths.com.au/shop/productdetails/47022/bulla-thickened-cream,,https://assets.woolworths.com.au/images/1005/47022.jpg?impolicy=wowsmkqiema&w=260&h=260,$6.00,$1.00 / 100ML,,, Add to cart , Save to list 
Macro Organic Oat Milk Unsweetened 1l,https://www.woolworths.com.au/shop/productdetails/150166/macro-organic-oat-milk-unsweetened,,https://assets.woolworths.com.au/images/1005/150166.jpg?impolicy=wowsmkqiema&w=260&h=260,$2.25,$2.25 / 1L,4.0,232, Add to cart , Save to list 
Nuttelex Buttery 1kg,https://www.woolworths.com.au/shop/productdetails/85577/nuttelex-buttery,,https://assets.woolworths.com.au/images/1005/85577.jpg?impolicy=wowsmkqiema&w=260&h=260,$8.10,$0.81 / 100G,,, Add to cart , Save to list 
Dairy Farmers Light Milk 2l,https://www.woolworths.com.au/shop/productdetails/24133/dairy-farmers-light-milk,https://www.woolworths.com.au/content/promotiontags/supporting-aus-milk-roundel-200x200.png,https://assets.woolworths.com.au/images/1005/24133.jpg?impolicy=wowsmkqiema&w=260&h=260,$4.50,$2.25 / 1L,,, Add to cart , Save to list 
Obela Classic Mexican Style Salsa 220g,https://www.woolworths.com.au/shop/productdetails/207235/obela-classic-mexican-style-salsa,,https://assets.woolworths.com.au/images/1005/207235.jpg?impolicy=wowsmkqiema&w=260&h=260,$5.00,$2.27 / 100G,,, Add to cart , Save to list 
Pauls Farmhouse Gold Full Cream Milk Unhomogenised 1.5l,https://www.woolworths.com.au/shop/productdetails/404984/pauls-farmhouse-gold-full-cream-milk-unhomogenised,https://www.woolworths.com.au/content/promotiontags/supporting-aus-milk-roundel-200x200.png,https://assets.woolworths.com.au/images/1005/404984.jpg?impolicy=wowsmkqiema&w=260&h=260,$4.20,$2.80 / 1L,,, Add to cart , Save to list 
Fresh Fodder Tzatziki 200g,https://www.woolworths.com.au/shop/productdetails/714664/fresh-fodder-tzatziki,,https://assets.woolworths.com.au/images/1005/714664.jpg?impolicy=wowsmkqiema&w=260&h=260,$5.40,$2.70 / 100G,,, Add to cart , Save to list 
Pureharvest Organic Aussie Dream Rice Milk 1l,https://www.woolworths.com.au/shop/productdetails/41225/pureharvest-organic-aussie-dream-rice-milk,,https://assets.woolworths.com.au/images/1005/41225.jpg?impolicy=wowsmkqiema&w=260&h=260,$2.60,$2.60 / 1L,,, Add to cart , Save to list 
Pitango Organic Pumpkin & Ginger Soup 600g,https://www.woolworths.com.au/shop/productdetails/155702/pitango-organic-pumpkin-ginger-soup,,https://assets.woolworths.com.au/images/1005/155702.jpg?impolicy=wowsmkqiema&w=260&h=260,$7.00,$1.17 / 100G,,, Add to cart , Save to list 
A2 Light Milk 2l,https://www.woolworths.com.au/shop/productdetails/208066/a2-light-milk,https://www.woolworths.com.au/content/promotiontags/supporting-aus-milk-roundel-200x200.png,https://assets.woolworths.com.au/images/1005/208066.jpg?impolicy=wowsmkqiema&w=260&h=260,$6.60,$3.30 / 1L,,, Add to cart , Save to list 
﻿Woolworths Colby Cheese Slices 500g,https://www.woolworths.com.au/shop/productdetails/224943/woolworths-colby-cheese-slices,,https://assets.woolworths.com.au/images/1005/224943.jpg?impolicy=wowsmkqiema&w=260&h=260,$9.00,$18.00 / 1KG,4.7,437, Add to cart , Save to list 
Chobani Fit Banana High Protein Greek Yoghurt Pouch 140g,https://www.woolworths.com.au/shop/productdetails/242960/chobani-fit-banana-high-protein-greek-yoghurt-pouch,,https://assets.woolworths.com.au/images/1005/242960.jpg?impolicy=wowsmkqiema&w=260&h=260,$2.50,$1.79 / 100G,,, Add to cart , Save to list 
Farmers Own Full Cream Milk 3l,https://www.woolworths.com.au/shop/productdetails/786816/farmers-own-full-cream-milk,https://www.woolworths.com.au/content/promotiontags/supporting-aus-milk-roundel-200x200.png,https://assets.woolworths.com.au/images/1005/786816.jpg?impolicy=wowsmkqiema&w=260&h=260,$5.85,$1.95 / 1L,,, Add to cart , Save to list 
Liddells Lactose Free Probiotic Yoghurt Blueberry 4 Pack,https://www.woolworths.com.au/shop/productdetails/184259/liddells-lactose-free-probiotic-yoghurt-blueberry,,https://assets.woolworths.com.au/images/1005/184259.jpg?impolicy=wowsmkqiema&w=260&h=260,$5.80,$1.04 / 100G,,, Add to cart , Save to list 
Nakula Vanilla Coconut Yoghurt 500g,https://www.woolworths.com.au/shop/productdetails/127632/nakula-vanilla-coconut-yoghurt,,https://assets.woolworths.com.au/images/1005/127632.jpg?impolicy=wowsmkqiema&w=260&h=260,$6.00,$1.20 / 100G,,, Add to cart , Save to list 
Woolworths Basil Pesto Pasta Salad Kit 500g,https://www.woolworths.com.au/shop/productdetails/25919/woolworths-basil-pesto-pasta-salad-kit,,https://assets.woolworths.com.au/images/1005/25919.jpg?impolicy=wowsmkqiema&w=260&h=260,$9.50,$1.90 / 100G,4.3,445, Add to cart , Save to list 
Woolworths Four Seasons Coleslaw Coleslaw 400g,https://www.woolworths.com.au/shop/productdetails/233567/woolworths-four-seasons-coleslaw-coleslaw,,https://assets.woolworths.com.au/images/1005/233567.jpg?impolicy=wowsmkqiema&w=260&h=260,$4.50,$11.25 / 1KG,4.1,769, Add to cart , Save to list 
Zymil Long Life Full Cream Milk Lactose Free 250ml X3 Pack,https://www.woolworths.com.au/shop/productdetails/205773/zymil-long-life-full-cream-milk-lactose-free,,https://assets.woolworths.com.au/images/1005/205773.jpg?impolicy=wowsmkqiema&w=260&h=260,$3.20,$4.27 / 1L,,, Add to cart , Save to list 
Pauls Custard Pouch Strawberry 140g,https://www.woolworths.com.au/shop/productdetails/109919/pauls-custard-pouch-strawberry,,https://assets.woolworths.com.au/images/1005/109919.jpg?impolicy=wowsmkqiema&w=260&h=260,$2.40,$1.71 / 100G,,, Add to cart , Save to list 
Primo Stackers Spicy Chrizo Cheese And Crackers 50g,https://www.woolworths.com.au/shop/productdetails/63927/primo-stackers-spicy-chrizo-cheese-and-crackers,https://www.woolworths.com.au/content/promotiontags/roundel-special-200x200.png,https://assets.woolworths.com.au/images/1005/63927.jpg?impolicy=wowsmkqiema&w=260&h=260,$3.70,$74.00 / 1KG,,, Add to cart , Save to list 
Yumi's Avocado With Sea Salt Dip 65g X3 Pack,https://www.woolworths.com.au/shop/productdetails/83803/yumi-s-avocado-with-sea-salt-dip,,https://assets.woolworths.com.au/images/1005/83803.jpg?impolicy=wowsmkqiema&w=260&h=260,$4.50,$2.31 / 100G,,, Add to cart , Save to list 
La Famiglia Garlic Bread 400g,https://www.woolworths.com.au/shop/productdetails/294517/la-famiglia-garlic-bread,,https://assets.woolworths.com.au/images/1005/294517.jpg?impolicy=wowsmkqiema&w=260&h=260,$4.50,$1.13 / 100G,,, Add to cart , Save to list 
Devondale 100% Pure Full Cream Long Life Milk 6x200ml,https://www.woolworths.com.au/shop/productdetails/90032/devondale-100-pure-full-cream-long-life-milk,,https://assets.woolworths.com.au/images/1005/90032.jpg?impolicy=wowsmkqiema&w=260&h=260,$6.00,$5.00 / 1L,,, Add to cart , Save to list 
Primo Stackers Pepproni Cheese & Jatz Crackers 57g,https://www.woolworths.com.au/shop/productdetails/222777/primo-stackers-pepproni-cheese-jatz-crackers,https://www.woolworths.com.au/content/promotiontags/roundel-special-200x200.png,https://assets.woolworths.com.au/images/1005/222777.jpg?impolicy=wowsmkqiema&w=260&h=260,$3.70,$64.91 / 1KG,,, Add to cart , Save to list 
Westgold Full Cream Uht Milk 1l,https://www.woolworths.com.au/shop/productdetails/87769/westgold-full-cream-uht-milk,,https://assets.woolworths.com.au/images/1005/87769.jpg?impolicy=wowsmkqiema&w=260&h=260,,,,,, Save to list 
Perfect Italiano Parmesan Block 200g,https://www.woolworths.com.au/shop/productdetails/807868/perfect-italiano-parmesan-block,,https://assets.woolworths.com.au/images/1005/807868.jpg?impolicy=wowsmkqiema&w=260&h=260,$7.00,$35.00 / 1KG,,, Add to cart , Save to list 
Obela Tzatziki To Go Classic & Sakata Crackers 125g,https://www.woolworths.com.au/shop/productdetails/621149/obela-tzatziki-to-go-classic-sakata-crackers,https://www.woolworths.com.au/content/promotiontags/roundel-buy-more-save-more-200x200.png,https://assets.woolworths.com.au/images/1005/621149.jpg?impolicy=wowsmkqiema&w=260&h=260,$3.50,$2.80 / 100G,,, Add to cart , Save to list 
Woolworths Natural Tasty Cheese & Crackers Each 50g,https://www.woolworths.com.au/shop/productdetails/453300/woolworths-natural-tasty-cheese-crackers,,https://assets.woolworths.com.au/images/1005/453300.jpg?impolicy=wowsmkqiema&w=260&h=260,$1.90,$38.00 / 1KG,4.5,920, Add to cart , Save to list 
Yoplait Mixed Berry Yogurt 1kg,https://www.woolworths.com.au/shop/productdetails/243212/yoplait-mixed-berry-yogurt,,https://assets.woolworths.com.au/images/1005/243212.jpg?impolicy=wowsmkqiema&w=260&h=260,,,,,, Save to list 
Yumi's Creamed Spinach Dip 200g,https://www.woolworths.com.au/shop/productdetails/139812/yumi-s-creamed-spinach-dip,https://www.woolworths.com.au/content/promotiontags/roundel-special-200x200.png,https://assets.woolworths.com.au/images/1005/139812.jpg?impolicy=wowsmkqiema&w=260&h=260,$3.30,$1.65 / 100G,,, Add to cart , Save to list 
Yumi's Smoked Trout Mousse Dip 200g,https://www.woolworths.com.au/shop/productdetails/20015/yumi-s-smoked-trout-mousse-dip,,https://assets.woolworths.com.au/images/1005/20015.jpg?impolicy=wowsmkqiema&w=260&h=260,$6.00,$3.00 / 100G,,, Add to cart , Save to list 
Primo Trios Cabanossi Cheese & Jatz Crackers 50g,https://www.woolworths.com.au/shop/productdetails/223033/primo-trios-cabanossi-cheese-jatz-crackers,https://www.woolworths.com.au/content/promotiontags/roundel-special-200x200.png,https://assets.woolworths.com.au/images/1005/223033.jpg?impolicy=wowsmkqiema&w=260&h=260,$3.70,$74.00 / 1KG,,, Add to cart , Save to list 
Yumi's Minis Roasted Veggies & Oregano 100g,https://www.woolworths.com.au/shop/productdetails/215124/yumi-s-minis-roasted-veggies-oregano,,https://assets.woolworths.com.au/images/1005/215124.jpg?impolicy=wowsmkqiema&w=260&h=260,$3.75,$37.50 / 1KG,,, Add to cart , Save to list 
Woolworths Cheese Cubes 500g,https://www.woolworths.com.au/shop/productdetails/379902/woolworths-cheese-cubes,,https://assets.woolworths.com.au/images/1005/379902.jpg?impolicy=wowsmkqiema&w=260&h=260,$10.50,$21.00 / 1KG,4.4,2033, Add to cart , Save to list 
Woolworths Lite Milk 1l,https://www.woolworths.com.au/shop/productdetails/382737/woolworths-lite-milk,https://www.woolworths.com.au/content/promotiontags/supporting-aus-milk-roundel-200x200.png,https://assets.woolworths.com.au/images/1005/382737.jpg?impolicy=wowsmkqiema&w=260&h=260,$1.60,$1.60 / 1L,4.4,759, Add to cart , Save to list 
Nuttelex Polyunsaturated Margarine Spread 500g,https://www.woolworths.com.au/shop/productdetails/41285/nuttelex-polyunsaturated-margarine-spread,,https://assets.woolworths.com.au/images/1005/41285.jpg?impolicy=wowsmkqiema&w=260&h=260,$4.70,$0.94 / 100G,,, Add to cart , Save to list 
Primo Trios Arnotts Pizza Shapes & Pepperoni 54g,https://www.woolworths.com.au/shop/productdetails/222491/primo-trios-arnotts-pizza-shapes-pepperoni,https://www.woolworths.com.au/content/promotiontags/roundel-special-200x200.png,https://assets.woolworths.com.au/images/1005/222491.jpg?impolicy=wowsmkqiema&w=260&h=260,$3.70,$68.52 / 1KG,,, Add to cart , Save to list 
La Famiglia Garlic Bread Slices 270g,https://www.woolworths.com.au/shop/productdetails/184335/la-famiglia-garlic-bread-slices,https://www.woolworths.com.au/content/promotiontags/roundel-special-200x200.png,https://assets.woolworths.com.au/images/1005/184335.jpg?impolicy=wowsmkqiema&w=260&h=260,$3.50,$1.30 / 100G,,, Add to cart , Save to list 
Latina Fresh Lasagne Sheets 375g,https://www.woolworths.com.au/shop/productdetails/5033/latina-fresh-lasagne-sheets,,https://assets.woolworths.com.au/images/1005/5033.jpg?impolicy=wowsmkqiema&w=260&h=260,$5.50,$1.47 / 100G,,, Add to cart , Save to list 
Siggi's Caramelised Orange Yoghurt 125g,https://www.woolworths.com.au/shop/productdetails/243187/siggi-s-caramelised-orange-yoghurt,,https://assets.woolworths.com.au/images/1005/243187.jpg?impolicy=wowsmkqiema&w=260&h=260,$2.50,$2.00 / 100G,,, Add to cart , Save to list 
Bega Strong & Bitey Vintage Cheese 500g,https://www.woolworths.com.au/shop/productdetails/48443/bega-strong-bitey-vintage-cheese,https://www.woolworths.com.au/content/promotiontags/local-seals-nsw.png,https://assets.woolworths.com.au/images/1005/48443.jpg?impolicy=wowsmkqiema&w=260&h=260,$9.50,$19.00 / 1KG,,, Add to cart , Save to list 
Chobani Oat Yogurt Strawberry Dairy Free 150g,https://www.woolworths.com.au/shop/productdetails/229912/chobani-oat-yogurt-strawberry-dairy-free,,https://assets.woolworths.com.au/images/1005/229912.jpg?impolicy=wowsmkqiema&w=260&h=260,$3.00,$2.00 / 100G,,, Add to cart , Save to list 
Fancy Plants Plant Based Chocolate Silky Pot 95g X2 Pack,https://www.woolworths.com.au/shop/productdetails/124268/fancy-plants-plant-based-chocolate-silky-pot,,https://assets.woolworths.com.au/images/1005/124268.jpg?impolicy=wowsmkqiema&w=260&h=260,,,,,, Save to list 
Plantry Plant Based Food Pad Thai Frozen Meal 350g,https://www.woolworths.com.au/shop/productdetails/111658/plantry-plant-based-food-pad-thai-frozen-meal,,https://assets.woolworths.com.au/images/1005/111658.jpg?impolicy=wowsmkqiema&w=260&h=260,$7.50,$2.14 / 100G,,, Add to cart , Save to list 
Sanitarium So Good Long Life Unsweetened Almond Coconut Milk 1l,https://www.woolworths.com.au/shop/productdetails/793384/sanitarium-so-good-long-life-unsweetened-almond-coconut-milk,https://www.woolworths.com.au/content/promotiontags/project-harvest-roundel-1-for-1-v2-200x200.png,https://assets.woolworths.com.au/images/1005/793384.jpg?impolicy=wowsmkqiema&w=260&h=260,$2.90,$2.90 / 1L,,, Add to cart , Save to list 
Primo Stackers Mild Salami Cheddar Cheese & Crackers 3 Pack,https://www.woolworths.com.au/shop/productdetails/193729/primo-stackers-mild-salami-cheddar-cheese-crackers,,https://assets.woolworths.com.au/images/1005/193729.jpg?impolicy=wowsmkqiema&w=260&h=260,$10.70,$71.33 / 1KG,,, Add to cart , Save to list 
Chobani Fit Tropical High Protein Greek Yoghurt Pouch 140g,https://www.woolworths.com.au/shop/productdetails/243179/chobani-fit-tropical-high-protein-greek-yoghurt-pouch,,https://assets.woolworths.com.au/images/1005/243179.jpg?impolicy=wowsmkqiema&w=260&h=260,$2.50,$1.79 / 100G,,, Add to cart , Save to list 
Wicked Sister Sundae Double Choc & Cookie 110g,https://www.woolworths.com.au/shop/productdetails/209603/wicked-sister-sundae-double-choc-cookie,,https://assets.woolworths.com.au/images/1005/209603.jpg?impolicy=wowsmkqiema&w=260&h=260,$3.75,$3.41 / 100G,,, Add to cart , Save to list 
Cocobella Dairy Free Coconut Yoghurt Natural 900g,https://www.woolworths.com.au/shop/productdetails/85904/cocobella-dairy-free-coconut-yoghurt-natural,,https://assets.woolworths.com.au/images/1005/85904.jpg?impolicy=wowsmkqiema&w=260&h=260,$9.00,$1.00 / 100G,,, Add to cart , Save to list 
Home Chef Quiche Lorraine Chilled Meal 700g,https://www.woolworths.com.au/shop/productdetails/948485/home-chef-quiche-lorraine-chilled-meal,,https://assets.woolworths.com.au/images/1005/948485.jpg?impolicy=wowsmkqiema&w=260&h=260,$9.00,$1.29 / 100G,4.0,1, Add to cart , Save to list 
Chris' Dips Spring Onion 200g,https://www.woolworths.com.au/shop/productdetails/28700/chris-dips-spring-onion,https://www.woolworths.com.au/content/promotiontags/roundel-buy-more-save-more-200x200.png,https://assets.woolworths.com.au/images/1005/28700.jpg?impolicy=wowsmkqiema&w=260&h=260,$4.00,$2.00 / 100G,,, Add to cart , Save to list 
Woolworths Free From Lactose Free Full Cream Milk 1l,https://www.woolworths.com.au/shop/productdetails/665750/woolworths-free-from-lactose-free-full-cream-milk,,https://assets.woolworths.com.au/images/1005/665750.jpg?impolicy=wowsmkqiema&w=260&h=260,$3.10,$3.10 / 1L,4.4,527, Add to cart , Save to list 
Perfect Italiano Grated Mozzarella Cheese 450g,https://www.woolworths.com.au/shop/productdetails/780390/perfect-italiano-grated-mozzarella-cheese,https://www.woolworths.com.au/content/promotiontags/roundel-special-200x200.png,https://assets.woolworths.com.au/images/1005/780390.jpg?impolicy=wowsmkqiema&w=260&h=260,$7.00,$15.56 / 1KG,,, Add to cart , Save to list 
Woolworths Evaporated Milk 385ml,https://www.woolworths.com.au/shop/productdetails/84764/woolworths-evaporated-milk,,https://assets.woolworths.com.au/images/1005/84764.jpg?impolicy=wowsmkqiema&w=260&h=260,$1.90,$4.94 / 1L,4.4,707, Add to cart , Save to list 
Unreal Co. Plant Based Beefy Brat Sausages 350g,https://www.woolworths.com.au/shop/productdetails/65255/unreal-co-plant-based-beefy-brat-sausages,,https://assets.woolworths.com.au/images/1005/65255.jpg?impolicy=wowsmkqiema&w=260&h=260,$7.00,$20.00 / 1KG,,, Add to cart , Save to list 
Nakula Coconut Yoghurt Natural 500g,https://www.woolworths.com.au/shop/productdetails/554891/nakula-coconut-yoghurt-natural,,https://assets.woolworths.com.au/images/1005/554891.jpg?impolicy=wowsmkqiema&w=260&h=260,$6.00,$1.20 / 100G,,, Add to cart , Save to list 
Vitasoy Almond Milky 1l,https://www.woolworths.com.au/shop/productdetails/155694/vitasoy-almond-milky,,https://assets.woolworths.com.au/images/1005/155694.jpg?impolicy=wowsmkqiema&w=260&h=260,$3.50,$3.50 / 1L,,, Add to cart , Save to list 
Senza Gluten Free Pizza Base 220g,https://www.woolworths.com.au/shop/productdetails/88352/senza-gluten-free-pizza-base,,https://assets.woolworths.com.au/images/1005/88352.jpg?impolicy=wowsmkqiema&w=260&h=260,$5.00,$2.27 / 100G,,, Add to cart , Save to list 
Olive Grove Classic Spread 500g,https://www.woolworths.com.au/shop/productdetails/15439/olive-grove-classic-spread,,https://assets.woolworths.com.au/images/1005/15439.jpg?impolicy=wowsmkqiema&w=260&h=260,$5.00,$1.00 / 100G,,, Add to cart , Save to list 
Devondale Extra Soft Butter Blend 500g,https://www.woolworths.com.au/shop/productdetails/15791/devondale-extra-soft-butter-blend,,https://assets.woolworths.com.au/images/1005/15791.jpg?impolicy=wowsmkqiema&w=260&h=260,$7.50,$1.50 / 100G,,, Add to cart , Save to list 
Bega Tasty Natural Cheese Slices 15 Pack 250g,https://www.woolworths.com.au/shop/productdetails/69369/bega-tasty-natural-cheese-slices,,https://assets.woolworths.com.au/images/1005/69369.jpg?impolicy=wowsmkqiema&w=260&h=260,$7.00,$28.00 / 1KG,,, Add to cart , Save to list 
Tablelands Buttery Spread 1kg,https://www.woolworths.com.au/shop/productdetails/71615/tablelands-buttery-spread,,https://assets.woolworths.com.au/images/1005/71615.jpg?impolicy=wowsmkqiema&w=260&h=260,$6.20,$0.62 / 100G,,, Add to cart , Save to list 
Chris' Traditional French Onion 200g,https://www.woolworths.com.au/shop/productdetails/620882/chris-traditional-french-onion,https://www.woolworths.com.au/content/promotiontags/roundel-buy-more-save-more-200x200.png,https://assets.woolworths.com.au/images/1005/620882.jpg?impolicy=wowsmkqiema&w=260&h=260,$4.00,$2.00 / 100G,,, Add to cart , Save to list 
Pauls Custard Snack Pack Vanilla 150gx 6 Pack,https://www.woolworths.com.au/shop/productdetails/35435/pauls-custard-snack-pack-vanilla-custard,,https://assets.woolworths.com.au/images/1005/35435.jpg?impolicy=wowsmkqiema&w=260&h=260,$7.90,$0.88 / 100G,,, Add to cart , Save to list 
Sss Foods Hommus Natural 225g,https://www.woolworths.com.au/shop/productdetails/773801/sss-foods-hommus-natural,https://www.woolworths.com.au/content/promotiontags/local-seals-nsw.png,https://assets.woolworths.com.au/images/1005/773801.jpg?impolicy=wowsmkqiema&w=260&h=260,$3.80,$1.69 / 100G,5.0,1, Add to cart , Save to list 
Bio Cheese Dairy Free Feta 200g,https://www.woolworths.com.au/shop/productdetails/679072/bio-cheese-dairy-free-feta,,https://assets.woolworths.com.au/images/1005/679072.jpg?impolicy=wowsmkqiema&w=260&h=260,$9.00,$45.00 / 1KG,,, Add to cart , Save to list 
Thomas Dux Blue Stilton 150g,https://www.woolworths.com.au/shop/productdetails/81585/thomas-dux-blue-stilton,,https://assets.woolworths.com.au/images/1005/81585.jpg?impolicy=wowsmkqiema&w=260&h=260,,,4.0,409,, Save to list 
Nakula Coconut Yoghurt Mango 500g,https://www.woolworths.com.au/shop/productdetails/619376/nakula-coconut-yoghurt-mango,,https://assets.woolworths.com.au/images/1005/619376.jpg?impolicy=wowsmkqiema&w=260&h=260,$6.00,$1.20 / 100G,,, Add to cart , Save to list 
Red Rock Deli Classics Mexican Style Salsa & Guacamole 190g,https://www.woolworths.com.au/shop/productdetails/176549/red-rock-deli-classics-mexican-style-salsa-guacamole,https://www.woolworths.com.au/content/promotiontags/roundel-buy-more-save-more-200x200.png,https://assets.woolworths.com.au/images/1005/176549.jpg?impolicy=wowsmkqiema&w=260&h=260,$4.50,$2.37 / 100G,,, Add to cart , Save to list 
Woolworths 12 Large Free Range Eggs 600g,https://www.woolworths.com.au/shop/productdetails/224762/woolworths-12-large-free-range-eggs,,https://assets.woolworths.com.au/images/1005/224762.jpg?impolicy=wowsmkqiema&w=260&h=260,$4.80,$0.80 / 100G,,, Add to cart , Save to list 
Woolworths Beetroot Fresh Beetroot 500g,https://www.woolworths.com.au/shop/productdetails/780372/woolworths-beetroot-fresh-beetroot,https://www.woolworths.com.au/content/promotiontags/supporting-aus-grown-roundel-200x200.png,https://assets.woolworths.com.au/images/1005/780372.jpg?impolicy=wowsmkqiema&w=260&h=260,$5.00,$10.00 / 1KG,4.2,311, Add to cart , Save to list 
Farmers Union Plus Mango Yoghurt 160g,https://www.woolworths.com.au/shop/productdetails/242938/farmers-union-plus-mango-yoghurt,,https://assets.woolworths.com.au/images/1005/242938.jpg?impolicy=wowsmkqiema&w=260&h=260,$1.90,$1.19 / 100G,,, Add to cart , Save to list 
Starbucks Frappuccino Mocha Iced Coffee 280ml,https://www.woolworths.com.au/shop/productdetails/239472/starbucks-frappuccino-mocha-iced-coffee,,https://assets.woolworths.com.au/images/1005/239472.jpg?impolicy=wowsmkqiema&w=260&h=260,$4.25,$15.18 / 1L,,, Add to cart , Save to list 
Farmers Union Plus Vanilla & Honey Yogurt 160g,https://www.woolworths.com.au/shop/productdetails/243154/farmers-union-plus-vanilla-honey-yogurt,,https://assets.woolworths.com.au/images/1005/243154.jpg?impolicy=wowsmkqiema&w=260&h=260,$1.90,$1.19 / 100G,,, Add to cart , Save to list 
Home Chef Quiche Spinach & Feta Chilled Meal 700g,https://www.woolworths.com.au/shop/productdetails/763317/home-chef-quiche-spinach-feta-chilled-meal,,https://assets.woolworths.com.au/images/1005/763317.jpg?impolicy=wowsmkqiema&w=260&h=260,$9.00,$1.29 / 100G,,, Add to cart , Save to list 
Mainland Buttersoft Pure Salt Reduced Butter 375g,https://www.woolworths.com.au/shop/productdetails/57222/mainland-buttersoft-pure-salt-reduced-butter,,https://assets.woolworths.com.au/images/1005/57222.jpg?impolicy=wowsmkqiema&w=260&h=260,$7.50,$2.00 / 100G,,, Add to cart , Save to list 
Zanetti Pecorino Romano 200g,https://www.woolworths.com.au/shop/productdetails/406591/zanetti-pecorino-romano,,https://assets.woolworths.com.au/images/1005/406591.jpg?impolicy=wowsmkqiema&w=260&h=260,$11.00,$55.00 / 1KG,,, Add to cart , Save to list 
Liddells Skim Long Life Milk Lactose Free 1l,https://www.woolworths.com.au/shop/productdetails/209144/liddells-skim-long-life-milk-lactose-free,,https://assets.woolworths.com.au/images/1005/209144.jpg?impolicy=wowsmkqiema&w=260&h=260,$3.00,$3.00 / 1L,,, Add to cart , Save to list 
Woolworths Mozzarella Cheese 350g,https://www.woolworths.com.au/shop/productdetails/688515/woolworths-mozzarella-cheese,,https://assets.woolworths.com.au/images/1005/688515.jpg?impolicy=wowsmkqiema&w=260&h=260,,,4.5,410,, Save to list 
Beyond Meat Beyond Burger Plant Based Patties 226g,https://www.woolworths.com.au/shop/productdetails/751425/beyond-meat-beyond-burger-plant-based-patties,,https://assets.woolworths.com.au/images/1005/751425.jpg?impolicy=wowsmkqiema&w=260&h=260,$11.00,$48.67 / 1KG,,, Add to cart , Save to list 
Chobani Oat Yogurt Blueberry Dairy Free 150g,https://www.woolworths.com.au/shop/productdetails/229818/chobani-oat-yogurt-blueberry-dairy-free,,https://assets.woolworths.com.au/images/1005/229818.jpg?impolicy=wowsmkqiema&w=260&h=260,$3.00,$2.00 / 100G,,, Add to cart , Save to list 
Yumi's Tuna Mousse Dip 200g,https://www.woolworths.com.au/shop/productdetails/19673/yumi-s-tuna-mousse-dip,,https://assets.woolworths.com.au/images/1005/19673.jpg?impolicy=wowsmkqiema&w=260&h=260,$5.50,$2.75 / 100G,,, Add to cart , Save to list 
Devondale 100% Pure Full Cream Long Life Milk 150ml,https://www.woolworths.com.au/shop/productdetails/310679/devondale-100-pure-full-cream-long-life-milk,,https://assets.woolworths.com.au/images/1005/310679.jpg?impolicy=wowsmkqiema&w=260&h=260,$1.30,$8.67 / 1L,,, Add to cart , Save to list 
Woolworths Extra Tasty Cheese & Crackers 120g,https://www.woolworths.com.au/shop/productdetails/120673/woolworths-extra-tasty-cheese-crackers,,https://assets.woolworths.com.au/images/1005/120673.jpg?impolicy=wowsmkqiema&w=260&h=260,$4.60,$38.33 / 1KG,5.0,3, Add to cart , Save to list 
Califia Farms Oat Barista Blend Uht Milk 1l,https://www.woolworths.com.au/shop/productdetails/155190/califia-farms-oat-barista-blend-uht-milk,,https://assets.woolworths.com.au/images/1005/155190.jpg?impolicy=wowsmkqiema&w=260&h=260,$4.90,$4.90 / 1L,,, Add to cart , Save to list 
Woolworths Natural Cheese Sticks 160g,https://www.woolworths.com.au/shop/productdetails/453303/woolworths-natural-cheese-sticks,,https://assets.woolworths.com.au/images/1005/453303.jpg?impolicy=wowsmkqiema&w=260&h=260,$5.50,$34.38 / 1KG,4.2,960, Add to cart , Save to list 
Bega Tasty Grated Cheese 500g,https://www.woolworths.com.au/shop/productdetails/769907/bega-tasty-grated-cheese,,https://assets.woolworths.com.au/images/1005/769907.jpg?impolicy=wowsmkqiema&w=260&h=260,$9.50,$19.00 / 1KG,,, Add to cart , Save to list 
Chris' Dips Traditional Hommus 200g,https://www.woolworths.com.au/shop/productdetails/703453/chris-dips-traditional-hommus,https://www.woolworths.com.au/content/promotiontags/roundel-buy-more-save-more-200x200.png,https://assets.woolworths.com.au/images/1005/703453.jpg?impolicy=wowsmkqiema&w=260&h=260,$4.00,$2.00 / 100G,,, Add to cart , Save to list 
Chobani Oat Yogurt Mango Dairy Free 150g,https://www.woolworths.com.au/shop/productdetails/229708/chobani-oat-yogurt-mango-dairy-free,,https://assets.woolworths.com.au/images/1005/229708.jpg?impolicy=wowsmkqiema&w=260&h=260,$3.00,$2.00 / 100G,,, Add to cart , Save to list 
Liddells Low Fat Long Life Milk Lactose Free 1l,https://www.woolworths.com.au/shop/productdetails/30475/liddells-low-fat-long-life-milk-lactose-free,,https://assets.woolworths.com.au/images/1005/30475.jpg?impolicy=wowsmkqiema&w=260&h=260,$3.00,$3.00 / 1L,,, Add to cart , Save to list 
Devondale Extra Soft Butter Blend 750g,https://www.woolworths.com.au/shop/productdetails/512321/devondale-extra-soft-butter-blend,,https://assets.woolworths.com.au/images/1005/512321.jpg?impolicy=wowsmkqiema&w=260&h=260,$9.95,$1.33 / 100G,,, Add to cart , Save to list 
Kraft Singles Light 25% Less Fat 432g,https://www.woolworths.com.au/shop/productdetails/791784/kraft-singles-light-25-less-fat,https://www.woolworths.com.au/content/promotiontags/roundel-special-200x200.png,https://assets.woolworths.com.au/images/1005/791784.jpg?impolicy=wowsmkqiema&w=260&h=260,$7.50,$17.36 / 1KG,4.0,1, Add to cart , Save to list 
Obela Hommus Smooth Classic 220g,https://www.woolworths.com.au/shop/productdetails/765218/obela-hommus-smooth-classic,,https://assets.woolworths.com.au/images/1005/765218.jpg?impolicy=wowsmkqiema&w=260&h=260,$4.50,$2.05 / 100G,,, Add to cart , Save to list 
Bulla Cottage Cheese Onion & Chives 200g,https://www.woolworths.com.au/shop/productdetails/41404/bulla-cottage-cheese-onion-chives,,https://assets.woolworths.com.au/images/1005/41404.jpg?impolicy=wowsmkqiema&w=260&h=260,$3.80,$19.00 / 1KG,,, Add to cart , Save to list 
Wildly Good Original Veggie Burgers 250g,https://www.woolworths.com.au/shop/productdetails/152674/wildly-good-original-veggie-burgers,https://www.woolworths.com.au/content/promotiontags/roundel-special-200x200.png,https://assets.woolworths.com.au/images/1005/152674.jpg?impolicy=wowsmkqiema&w=260&h=260,$5.60,$22.40 / 1KG,,, Add to cart , Save to list 
Perfect Italiano 4 Cheese Melt 450g,https://www.woolworths.com.au/shop/productdetails/769459/perfect-italiano-4-cheese-melt,https://www.woolworths.com.au/content/promotiontags/roundel-special-200x200.png,https://assets.woolworths.com.au/images/1005/769459.jpg?impolicy=wowsmkqiema&w=260&h=260,$7.00,$15.56 / 1KG,,, Add to cart , Save to list 
Jalna Whole Milk Yoghurt Lactose Free Natural 1kg,https://www.woolworths.com.au/shop/productdetails/659436/jalna-whole-milk-yoghurt-lactose-free-natural,,https://assets.woolworths.com.au/images/1005/659436.jpg?impolicy=wowsmkqiema&w=260&h=260,$8.80,$0.88 / 100G,,, Add to cart , Save to list 
Obela To Go Salsa & Doritos 95g,https://www.woolworths.com.au/shop/productdetails/138607/obela-to-go-salsa-doritos,https://www.woolworths.com.au/content/promotiontags/roundel-buy-more-save-more-200x200.png,https://assets.woolworths.com.au/images/1005/138607.jpg?impolicy=wowsmkqiema&w=260&h=260,$3.50,$3.68 / 100G,,, Add to cart , Save to list 
Woolworths Beef Lasagne 2kg,https://www.woolworths.com.au/shop/productdetails/194648/woolworths-beef-lasagne-null,,https://assets.woolworths.com.au/images/1005/194648.jpg?impolicy=wowsmkqiema&w=260&h=260,$13.30,$6.65 / 1KG,3.2,391, Add to cart , Save to list 
Dari's Chunky Minestrone Soup 550g,https://www.woolworths.com.au/shop/productdetails/212043/dari-s-chunky-minestrone-soup,https://www.woolworths.com.au/content/promotiontags/roundel-special-200x200.png,https://assets.woolworths.com.au/images/1005/212043.jpg?impolicy=wowsmkqiema&w=260&h=260,$5.85,$1.06 / 100G,,, Add to cart , Save to list 
Vitasoy Oat Milky 1l,https://www.woolworths.com.au/shop/productdetails/155962/vitasoy-oat-milky,,https://assets.woolworths.com.au/images/1005/155962.jpg?impolicy=wowsmkqiema&w=260&h=260,,,,,, Save to list 
Dari's Classic Pumpkin Soup 550g,https://www.woolworths.com.au/shop/productdetails/210591/dari-s-classic-pumpkin-soup,https://www.woolworths.com.au/content/promotiontags/roundel-special-200x200.png,https://assets.woolworths.com.au/images/1005/210591.jpg?impolicy=wowsmkqiema&w=260&h=260,$5.85,$1.06 / 100G,,, Add to cart , Save to list 
Danone Ultimate Tropical Yoghurt Limited Edition 4x115g,https://www.woolworths.com.au/shop/productdetails/244051/danone-ultimate-tropical-yoghurt-limited-edition,,https://assets.woolworths.com.au/images/1005/244051.jpg?impolicy=wowsmkqiema&w=260&h=260,,,,,, Save to list 
Primo Trios Mild Salami Cheese & Pretzels 50g,https://www.woolworths.com.au/shop/productdetails/174718/primo-trios-mild-salami-cheese-pretzels,https://www.woolworths.com.au/content/promotiontags/roundel-special-200x200.png,https://assets.woolworths.com.au/images/1005/174718.jpg?impolicy=wowsmkqiema&w=260&h=260,$3.70,$74.00 / 1KG,,, Add to cart , Save to list 
Meadowlea Original Spread 500g,https://www.woolworths.com.au/shop/productdetails/48016/meadowlea-original-spread,,https://assets.woolworths.com.au/images/1005/48016.jpg?impolicy=wowsmkqiema&w=260&h=260,$5.00,$1.00 / 100G,,, Add to cart , Save to list 
Vitasoy Almond Milk Chocolate 330ml,https://www.woolworths.com.au/shop/productdetails/807018/vitasoy-almond-milk-chocolate,,https://assets.woolworths.com.au/images/1005/807018.jpg?impolicy=wowsmkqiema&w=260&h=260,,,,,, Save to list 
Devondale Dairy Soft Butter Blend 500g,https://www.woolworths.com.au/shop/productdetails/48462/devondale-dairy-soft-butter-blend,,https://assets.woolworths.com.au/images/1005/48462.jpg?impolicy=wowsmkqiema&w=260&h=260,$7.50,$1.50 / 100G,,, Add to cart , Save to list 
Meadowlea Original Spread Original 1kg,https://www.woolworths.com.au/shop/productdetails/744831/meadowlea-original-spread-original,,https://assets.woolworths.com.au/images/1005/744831.jpg?impolicy=wowsmkqiema&w=260&h=260,$7.00,$0.70 / 100G,,, Add to cart , Save to list 
Devondale Thickened Cream Long Life 250ml,https://www.woolworths.com.au/shop/productdetails/804284/devondale-thickened-cream-long-life,,https://assets.woolworths.com.au/images/1005/804284.jpg?impolicy=wowsmkqiema&w=260&h=260,$3.60,$1.44 / 100ML,,, Add to cart , Save to list 
Nevana Pizza Base 12 Pack,https://www.woolworths.com.au/shop/productdetails/226581/nevana-pizza-base,,https://assets.woolworths.com.au/images/1005/226581.jpg?impolicy=wowsmkqiema&w=260&h=260,$4.80,$0.69 / 100G,,, Add to cart , Save to list 
Toscano Tiramisu Twin 60g X2 Pack,https://www.woolworths.com.au/shop/productdetails/678110/toscano-tiramisu-twin,,https://assets.woolworths.com.au/images/1005/678110.jpg?impolicy=wowsmkqiema&w=260&h=260,,,,,, Save to list 
Vitasoy Calcium Enriched Rice Milk 1l,https://www.woolworths.com.au/shop/productdetails/306053/vitasoy-calcium-enriched-rice-milk,,https://assets.woolworths.com.au/images/1005/306053.jpg?impolicy=wowsmkqiema&w=260&h=260,$3.30,$3.30 / 1L,,, Add to cart , Save to list 
Hedy's Fresh Quiche Spinach & Feta Chilled Meal 1.1kg,https://www.woolworths.com.au/shop/productdetails/669044/hedy-s-fresh-quiche-spinach-feta-chilled-meal,https://www.woolworths.com.au/content/promotiontags/roundel-special-200x200.png,https://assets.woolworths.com.au/images/1005/669044.jpg?impolicy=wowsmkqiema&w=260&h=260,$12.50,$1.14 / 100G,,, Add to cart , Save to list 
Woolworths Spaghetti Bolognese Bolognese Chilled Meal 1.1kg,https://www.woolworths.com.au/shop/productdetails/652060/woolworths-spaghetti-bolognese-bolognese-chilled-meal,,https://assets.woolworths.com.au/images/1005/652060.jpg?impolicy=wowsmkqiema&w=260&h=260,$13.50,$1.23 / 100G,4.2,535, Add to cart , Save to list 
Suntory Boss Coffee Iced Long Black 237ml,https://www.woolworths.com.au/shop/productdetails/66122/suntory-boss-coffee-iced-long-black,,https://assets.woolworths.com.au/images/1005/66122.jpg?impolicy=wowsmkqiema&w=260&h=260,$4.00,$16.88 / 1L,,, Add to cart , Save to list 
Leggos Fresh Roasted Pumpkin  & Feta Ravioli 630g,https://www.woolworths.com.au/shop/productdetails/765451/leggos-fresh-roasted-pumpkin-feta-ravioli,https://www.woolworths.com.au/content/promotiontags/roundel-special-200x200.png,https://assets.woolworths.com.au/images/1005/765451.jpg?impolicy=wowsmkqiema&w=260&h=260,$7.00,$1.11 / 100G,,, Add to cart , Save to list 
Woolworths Tasty Cheese Block 250g,https://www.woolworths.com.au/shop/productdetails/250729/woolworths-tasty-cheese-block,,https://assets.woolworths.com.au/images/1005/250729.jpg?impolicy=wowsmkqiema&w=260&h=260,$5.50,$22.00 / 1KG,4.6,597, Add to cart , Save to list 
Bulla Dollop Thick Cream Cup 200ml,https://www.woolworths.com.au/shop/productdetails/312417/bulla-dollop-thick-cream-cup,,https://assets.woolworths.com.au/images/1005/312417.jpg?impolicy=wowsmkqiema&w=260&h=260,$3.80,$1.90 / 100ML,,, Add to cart , Save to list 
Norco Reduced Fat Milk 2l,https://www.woolworths.com.au/shop/productdetails/293187/norco-reduced-fat-milk,,https://assets.woolworths.com.au/images/1005/293187.jpg?impolicy=wowsmkqiema&w=260&h=260,$4.50,$2.25 / 1L,,, Add to cart , Save to list 
Mainland Tasty Cheese 500g,https://www.woolworths.com.au/shop/productdetails/32198/mainland-tasty-cheese,https://www.woolworths.com.au/content/promotiontags/roundel-special-200x200.png,https://assets.woolworths.com.au/images/1005/32198.jpg?impolicy=wowsmkqiema&w=260&h=260,$9.00,$18.00 / 1KG,,, Add to cart , Save to list 
Woolworths Mozzarella Cheddar & Parmesan Shredded Blend 700g,https://www.woolworths.com.au/shop/productdetails/150420/woolworths-mozzarella-cheddar-parmesan-shredded-blend,,https://assets.woolworths.com.au/images/1005/150420.jpg?impolicy=wowsmkqiema&w=260&h=260,$9.30,$13.29 / 1KG,4.6,189, Add to cart , Save to list 
Woolworths Spaghetti Bolognese Chilled Meal 350g,https://www.woolworths.com.au/shop/productdetails/646134/woolworths-spaghetti-bolognese-chilled-meal,https://www.woolworths.com.au/content/promotiontags/roundel-buy-more-save-more-200x200.png,https://assets.woolworths.com.au/images/1005/646134.jpg?impolicy=wowsmkqiema&w=260&h=260,$7.00,$2.00 / 100G,4.1,2009, Add to cart , Save to list 
Jalna Sweet & Creamy Yoghurt Coconut 1kg,https://www.woolworths.com.au/shop/productdetails/463034/jalna-sweet-creamy-yoghurt-coconut,,https://assets.woolworths.com.au/images/1005/463034.jpg?impolicy=wowsmkqiema&w=260&h=260,,,,,, Save to list 
Obela Classic Guacamole 220g,https://www.woolworths.com.au/shop/productdetails/856823/obela-classic-guacamole,,https://assets.woolworths.com.au/images/1005/856823.jpg?impolicy=wowsmkqiema&w=260&h=260,$5.50,$2.50 / 100G,,, Add to cart , Save to list 
Coyo Organic Coconut Yoghurt Natural 500g,https://www.woolworths.com.au/shop/productdetails/896940/coyo-organic-coconut-yoghurt-natural,,https://assets.woolworths.com.au/images/1005/896940.jpg?impolicy=wowsmkqiema&w=260&h=260,$8.50,$1.70 / 100G,,, Add to cart , Save to list 
Babybel Cheese Portions 200g,https://www.woolworths.com.au/shop/productdetails/370480/babybel-cheese-portions,https://www.woolworths.com.au/content/promotiontags/roundel-special-200x200.png,https://assets.woolworths.com.au/images/1005/370480.jpg?impolicy=wowsmkqiema&w=260&h=260,$8.40,$42.00 / 1KG,,, Add to cart , Save to list 
Yumi's Minis Spiced Pumpkin & Spinach 100g,https://www.woolworths.com.au/shop/productdetails/215395/yumi-s-minis-spiced-pumpkin-spinach,,https://assets.woolworths.com.au/images/1005/215395.jpg?impolicy=wowsmkqiema&w=260&h=260,$3.75,$37.50 / 1KG,,, Add to cart , Save to list 
Mainland On The Go Special Reserve Cheese And Crackers 50g,https://www.woolworths.com.au/shop/productdetails/224796/mainland-on-the-go-special-reserve-cheese-and-crackers,,https://assets.woolworths.com.au/images/1005/224796.jpg?impolicy=wowsmkqiema&w=260&h=260,$2.50,$50.00 / 1KG,,, Add to cart , Save to list 
Lurpak Slightly Salted Spreadable Butter 250g,https://www.woolworths.com.au/shop/productdetails/223865/lurpak-slightly-salted-spreadable-butter,,https://assets.woolworths.com.au/images/1005/223865.jpg?impolicy=wowsmkqiema&w=260&h=260,$5.50,$2.20 / 100G,,, Add to cart , Save to list 
Straight From The Farm 12 Cage Free Eggs 700g,https://www.woolworths.com.au/shop/productdetails/265064/straight-from-the-farm-12-cage-free-eggs,,https://assets.woolworths.com.au/images/1005/265064.jpg?impolicy=wowsmkqiema&w=260&h=260,,,,,, Save to list 
Woolworths Buttermilk 600ml,https://www.woolworths.com.au/shop/productdetails/665751/woolworths-buttermilk,,https://assets.woolworths.com.au/images/1005/665751.jpg?impolicy=wowsmkqiema&w=260&h=260,,,4.4,263,, Save to list 
Chris' Heritage Goat Cheese & Black Truffle Dip 170g,https://www.woolworths.com.au/shop/productdetails/432784/chris-heritage-goat-cheese-black-truffle-dip,https://www.woolworths.com.au/content/promotiontags/roundel-special-200x200.png,https://assets.woolworths.com.au/images/1005/432784.jpg?impolicy=wowsmkqiema&w=260&h=260,$7.00,$4.12 / 100G,,, Add to cart , Save to list 
Bulla Sour Cream Light Lactose Free 200g,https://www.woolworths.com.au/shop/productdetails/681525/bulla-sour-cream-light-lactose-free,,https://assets.woolworths.com.au/images/1005/681525.jpg?impolicy=wowsmkqiema&w=260&h=260,$4.10,$2.05 / 100G,,, Add to cart , Save to list 
Woolworths Light Thickened Cream 600ml,https://www.woolworths.com.au/shop/productdetails/838738/woolworths-light-thickened-cream,,https://assets.woolworths.com.au/images/1005/838738.jpg?impolicy=wowsmkqiema&w=260&h=260,$4.50,$0.75 / 100ML,4.3,526, Add to cart , Save to list 
Mainland Otg Extra Tasty Artisan Cheese & Crackers 38g,https://www.woolworths.com.au/shop/productdetails/67142/mainland-otg-extra-tasty-artisan-cheese-crackers,,https://assets.woolworths.com.au/images/1005/67142.jpg?impolicy=wowsmkqiema&w=260&h=260,$2.50,$65.79 / 1KG,,, Add to cart , Save to list 
Pace Farm 12 Jumbo Free Range Eggs 800g,https://www.woolworths.com.au/shop/productdetails/92955/pace-farm-12-jumbo-free-range-eggs,,https://assets.woolworths.com.au/images/1005/92955.jpg?impolicy=wowsmkqiema&w=260&h=260,$7.75,$0.97 / 100G,,, Add to cart , Save to list 
Rana Four Cheese Tortellini 565g,https://www.woolworths.com.au/shop/productdetails/122169/rana-four-cheese-tortellini,,https://assets.woolworths.com.au/images/1005/122169.jpg?impolicy=wowsmkqiema&w=260&h=260,$10.00,$1.77 / 100G,,, Add to cart , Save to list 
Woolworths Cheese & Crackers Light Tasty 50g Each,https://www.woolworths.com.au/shop/productdetails/453301/woolworths-cheese-crackers-light-tasty,,https://assets.woolworths.com.au/images/1005/453301.jpg?impolicy=wowsmkqiema&w=260&h=260,$1.90,$38.00 / 1KG,4.3,908, Add to cart , Save to list 
Woolworths Fettuccine Carbonara Chilled Meal 350g,https://www.woolworths.com.au/shop/productdetails/652062/woolworths-fettuccine-carbonara-chilled-meal,https://www.woolworths.com.au/content/promotiontags/roundel-buy-more-save-more-200x200.png,https://assets.woolworths.com.au/images/1005/652062.jpg?impolicy=wowsmkqiema&w=260&h=260,$7.00,$2.00 / 100G,3.7,521, Add to cart , Save to list 
Latina Fresh Creamy Sundried Tomato Pasta Sauce 425g,https://www.woolworths.com.au/shop/productdetails/14894/latina-fresh-creamy-sundried-tomato-pasta-sauce,,https://assets.woolworths.com.au/images/1005/14894.jpg?impolicy=wowsmkqiema&w=260&h=260,$7.00,$1.65 / 100G,,, Add to cart , Save to list 
Philadelphia Light Cream Cheese Spread Tub 250g,https://www.woolworths.com.au/shop/productdetails/96422/philadelphia-light-cream-cheese-spread-tub,,https://assets.woolworths.com.au/images/1005/96422.jpg?impolicy=wowsmkqiema&w=260&h=260,$5.70,$22.80 / 1KG,,, Add to cart , Save to list 
Sanitarium So Good Long Life Regular Soy Milk 250ml X3 Pack,https://www.woolworths.com.au/shop/productdetails/263672/sanitarium-so-good-long-life-regular-soy-milk,https://www.woolworths.com.au/content/promotiontags/project-harvest-roundel-1-for-1-v2-200x200.png,https://assets.woolworths.com.au/images/1005/263672.jpg?impolicy=wowsmkqiema&w=260&h=260,$3.60,$4.80 / 1L,,, Add to cart , Save to list 
Bulla Sour Cream Light 400ml,https://www.woolworths.com.au/shop/productdetails/547136/bulla-sour-cream-light,,https://assets.woolworths.com.au/images/1005/547136.jpg?impolicy=wowsmkqiema&w=260&h=260,$5.50,$1.38 / 100ML,,, Add to cart , Save to list 
Woolworths Vanilla Custard 97% Fat Free 1kg,https://www.woolworths.com.au/shop/productdetails/624204/woolworths-vanilla-custard-97-fat-free,,https://assets.woolworths.com.au/images/1005/624204.jpg?impolicy=wowsmkqiema&w=260&h=260,$3.00,$0.30 / 100G,4.3,2861, Add to cart , Save to list 
Fresh Fodder Taramosalata Dip 100g,https://www.woolworths.com.au/shop/productdetails/208055/fresh-fodder-taramosalata-dip,https://www.woolworths.com.au/content/promotiontags/roundel-buy-more-save-more-200x200.png,https://assets.woolworths.com.au/images/1005/208055.jpg?impolicy=wowsmkqiema&w=260&h=260,$2.80,$2.80 / 100G,,, Add to cart , Save to list 
Wildly Good Sweetcorn & Spring Onion Veggie Fritter Bites 210g,https://www.woolworths.com.au/shop/productdetails/112826/wildly-good-sweetcorn-spring-onion-veggie-fritter-bites,,https://assets.woolworths.com.au/images/1005/112826.jpg?impolicy=wowsmkqiema&w=260&h=260,$7.00,$3.33 / 100G,,, Add to cart , Save to list 
Primo Duos Cabanossi & Cheese Snack 50g,https://www.woolworths.com.au/shop/productdetails/104400/primo-duos-cabanossi-cheese-snack,https://www.woolworths.com.au/content/promotiontags/roundel-special-200x200.png,https://assets.woolworths.com.au/images/1005/104400.jpg?impolicy=wowsmkqiema&w=260&h=260,$3.70,$74.00 / 1KG,,, Add to cart , Save to list 
Yumi's Classic Veggie Burgers 220g,https://www.woolworths.com.au/shop/productdetails/239184/yumi-s-classic-veggie-burgers,,https://assets.woolworths.com.au/images/1005/239184.jpg?impolicy=wowsmkqiema&w=260&h=260,,,,,, Save to list 
Rana Basil & Pine Nuts Tortellini Pasta 325g,https://www.woolworths.com.au/shop/productdetails/28325/rana-basil-pine-nuts-tortellini-pasta,,https://assets.woolworths.com.au/images/1005/28325.jpg?impolicy=wowsmkqiema&w=260&h=260,$8.00,$2.46 / 100G,,, Add to cart , Save to list 
Woolworths Processed Cheese Slices Smokey 250g,https://www.woolworths.com.au/shop/productdetails/453305/woolworths-processed-cheese-slices-smokey,,https://assets.woolworths.com.au/images/1005/453305.jpg?impolicy=wowsmkqiema&w=260&h=260,$4.00,$16.00 / 1KG,,, Add to cart , Save to list 
Pauls Custard Pouch Vanilla 140g,https://www.woolworths.com.au/shop/productdetails/436518/pauls-custard-pouch-vanilla-vanilla,,https://assets.woolworths.com.au/images/1005/436518.jpg?impolicy=wowsmkqiema&w=260&h=260,,,,,, Save to list 
Chris' Dips French Onion 60g X3 Pack,https://www.woolworths.com.au/shop/productdetails/932567/chris-dips-french-onion,,https://assets.woolworths.com.au/images/1005/932567.jpg?impolicy=wowsmkqiema&w=260&h=260,$3.75,$2.08 / 100G,,, Add to cart , Save to list 
Chris' Dips Corn Relish 200g,https://www.woolworths.com.au/shop/productdetails/263854/chris-dips-corn-relish,https://www.woolworths.com.au/content/promotiontags/roundel-buy-more-save-more-200x200.png,https://assets.woolworths.com.au/images/1005/263854.jpg?impolicy=wowsmkqiema&w=260&h=260,$4.00,$2.00 / 100G,,, Add to cart , Save to list 
Chris' Dips Avocado 200g,https://www.woolworths.com.au/shop/productdetails/13916/chris-dips-avocado,https://www.woolworths.com.au/content/promotiontags/roundel-buy-more-save-more-200x200.png,https://assets.woolworths.com.au/images/1005/13916.jpg?impolicy=wowsmkqiema&w=260&h=260,$4.00,$2.00 / 100G,,, Add to cart , Save to list 
Chris' Dips Hommus 60g X3 Pack,https://www.woolworths.com.au/shop/productdetails/932579/chris-dips-hommus,,https://assets.woolworths.com.au/images/1005/932579.jpg?impolicy=wowsmkqiema&w=260&h=260,$3.75,$2.08 / 100G,,, Add to cart , Save to list 
Obela Hommus To Go Roasted Capsicum & Sakata Crackers 125g,https://www.woolworths.com.au/shop/productdetails/780072/obela-hommus-to-go-roasted-capsicum-sakata-crackers,https://www.woolworths.com.au/content/promotiontags/roundel-buy-more-save-more-200x200.png,https://assets.woolworths.com.au/images/1005/780072.jpg?impolicy=wowsmkqiema&w=260&h=260,$3.50,$2.80 / 100G,,, Add to cart , Save to list 
Rana Pumpkin & Onion Ravioli Pasta 325g,https://www.woolworths.com.au/shop/productdetails/810775/rana-pumpkin-onion-ravioli-pasta,,https://assets.woolworths.com.au/images/1005/810775.jpg?impolicy=wowsmkqiema&w=260&h=260,$8.00,$2.46 / 100G,,, Add to cart , Save to list 
Minor Figures Minor Figures Barista Oat Uht Milk 1l,https://www.woolworths.com.au/shop/productdetails/153170/minor-figures-barista-oat-uht-milk,,https://assets.woolworths.com.au/images/1005/153170.jpg?impolicy=wowsmkqiema&w=260&h=260,$4.80,$4.80 / 1L,,, Add to cart , Save to list 
Woolworths Apricot & Almond Cream Cheese 200g,https://www.woolworths.com.au/shop/productdetails/696351/woolworths-apricot-almond-cream-cheese,,https://assets.woolworths.com.au/images/1005/696351.jpg?impolicy=wowsmkqiema&w=260&h=260,$3.60,$18.00 / 1KG,4.3,1494, Add to cart , Save to list 
Chan's Yum Cha Vegan Fried Gyoza 300g,https://www.woolworths.com.au/shop/productdetails/28189/chan-s-yum-cha-vegan-fried-gyoza,https://www.woolworths.com.au/content/promotiontags/roundel-special-200x200.png,https://assets.woolworths.com.au/images/1005/28189.jpg?impolicy=wowsmkqiema&w=260&h=260,$5.00,$1.67 / 100G,,, Add to cart , Save to list 
Flora Proactiv Cholesterol Lowering Margarine Spread Light 500g,https://www.woolworths.com.au/shop/productdetails/194348/flora-proactiv-cholesterol-lowering-margarine-spread-light,https://www.woolworths.com.au/content/promotiontags/roundel-special-200x200.png,https://assets.woolworths.com.au/images/1005/194348.jpg?impolicy=wowsmkqiema&w=260&h=260,$7.50,$1.50 / 100G,,, Add to cart , Save to list 
Pauls Custard Pouch Chocolate 140g,https://www.woolworths.com.au/shop/productdetails/436519/pauls-custard-pouch-chocolate-chocolate,,https://assets.woolworths.com.au/images/1005/436519.jpg?impolicy=wowsmkqiema&w=260&h=260,$2.40,$1.71 / 100G,,, Add to cart , Save to list 
Suntory Boss Iced Coffee Double Espresso 237ml,https://www.woolworths.com.au/shop/productdetails/175034/suntory-boss-iced-coffee-double-espresso,,https://assets.woolworths.com.au/images/1005/175034.jpg?impolicy=wowsmkqiema&w=260&h=260,$4.00,$16.88 / 1L,,, Add to cart , Save to list 
Easiyo Greek Style Unsweetened Yogurt Base 170g,https://www.woolworths.com.au/shop/productdetails/118746/easiyo-greek-style-unsweetened-yogurt-base,,https://assets.woolworths.com.au/images/1005/118746.jpg?impolicy=wowsmkqiema&w=260&h=260,$5.70,$3.35 / 100G,,, Add to cart , Save to list 
Philadelphia Sweet Chilli Cream Cheese Pourover Tub 250g,https://www.woolworths.com.au/shop/productdetails/213014/philadelphia-sweet-chilli-cream-cheese-pourover-tub,https://www.woolworths.com.au/content/promotiontags/roundel-special-200x200.png,https://assets.woolworths.com.au/images/1005/213014.jpg?impolicy=wowsmkqiema&w=260&h=260,$3.50,$1.40 / 100G,,, Add to cart , Save to list 
Pureharvest Organic Almond Milk 1l,https://www.woolworths.com.au/shop/productdetails/260099/pureharvest-organic-almond-milk,,https://assets.woolworths.com.au/images/1005/260099.jpg?impolicy=wowsmkqiema&w=260&h=260,$3.40,$3.40 / 1L,,, Add to cart , Save to list 
Fresh Fodder Tzatziki Dip 100g,https://www.woolworths.com.au/shop/productdetails/208428/fresh-fodder-tzatziki-dip,https://www.woolworths.com.au/content/promotiontags/roundel-buy-more-save-more-200x200.png,https://assets.woolworths.com.au/images/1005/208428.jpg?impolicy=wowsmkqiema&w=260&h=260,$2.80,$2.80 / 100G,,, Add to cart , Save to list 
Hedy's Fresh Quiche Lorraine Chilled Meal 1.1kg,https://www.woolworths.com.au/shop/productdetails/162880/hedy-s-fresh-quiche-lorraine-chilled-meal,https://www.woolworths.com.au/content/promotiontags/roundel-special-200x200.png,https://assets.woolworths.com.au/images/1005/162880.jpg?impolicy=wowsmkqiema&w=260&h=260,$12.50,$1.14 / 100G,4.0,1, Add to cart , Save to list 
Wildly Good Smoky Cauliflower Veggie Burgers 250g,https://www.woolworths.com.au/shop/productdetails/65246/wildly-good-smoky-cauliflower-veggie-burgers,https://www.woolworths.com.au/content/promotiontags/roundel-special-200x200.png,https://assets.woolworths.com.au/images/1005/65246.jpg?impolicy=wowsmkqiema&w=260&h=260,$5.60,$22.40 / 1KG,,, Add to cart , Save to list 
Philadelphia Original Cream Cheese Block 250g,https://www.woolworths.com.au/shop/productdetails/48062/philadelphia-original-cream-cheese-block,,https://assets.woolworths.com.au/images/1005/48062.jpg?impolicy=wowsmkqiema&w=260&h=260,$5.70,$22.80 / 1KG,,, Add to cart , Save to list 
Riverina Dairy Full Cream Fetta 1kg,https://www.woolworths.com.au/shop/productdetails/647386/riverina-dairy-full-cream-fetta,,https://assets.woolworths.com.au/images/1005/647386.jpg?impolicy=wowsmkqiema&w=260&h=260,,,,,, Save to list 
Australia's Own A2 Protein Full Cream Uht Milk 1l,https://www.woolworths.com.au/shop/productdetails/109483/australia-s-own-a2-protein-full-cream-uht-milk,,https://assets.woolworths.com.au/images/1005/109483.jpg?impolicy=wowsmkqiema&w=260&h=260,$2.50,$2.50 / 1L,,, Add to cart , Save to list 
Impossible Plant Based Beef Mince 340g,https://www.woolworths.com.au/shop/productdetails/198332/impossible-plant-based-beef-mince,https://www.woolworths.com.au/content/promotiontags/roundel-special-200x200.png,https://assets.woolworths.com.au/images/1005/198332.jpg?impolicy=wowsmkqiema&w=260&h=260,$9.00,$26.47 / 1KG,,, Add to cart , Save to list 
Nakula Coconut Yoghurt Passionfruit 500g,https://www.woolworths.com.au/shop/productdetails/619358/nakula-coconut-yoghurt-passionfruit,,https://assets.woolworths.com.au/images/1005/619358.jpg?impolicy=wowsmkqiema&w=260&h=260,$6.00,$1.20 / 100G,,, Add to cart , Save to list 
Thomas Dux Spanish Truffle Sheep's Cheese 150g,https://www.woolworths.com.au/shop/productdetails/140165/thomas-dux-spanish-truffle-sheep-s-cheese,https://www.woolworths.com.au/content/promotiontags/royal-tasmanian-fine-food-awards-2022-gold.png,https://assets.woolworths.com.au/images/1005/140165.jpg?impolicy=wowsmkqiema&w=260&h=260,$8.20,$54.67 / 1KG,4.0,1370, Add to cart , Save to list 
A2 Light Milk 1l,https://www.woolworths.com.au/shop/productdetails/216867/a2-light-milk,https://www.woolworths.com.au/content/promotiontags/supporting-aus-milk-roundel-200x200.png,https://assets.woolworths.com.au/images/1005/216867.jpg?impolicy=wowsmkqiema&w=260&h=260,$3.80,$3.80 / 1L,,, Add to cart , Save to list 
Vitasoy Oat Milk Cafe Latte 330ml,https://www.woolworths.com.au/shop/productdetails/212722/vitasoy-oat-milk-cafe-latte,,https://assets.woolworths.com.au/images/1005/212722.jpg?impolicy=wowsmkqiema&w=260&h=260,,,,,, Save to list 
Chris' Plant Based French Onion Dip 200g,https://www.woolworths.com.au/shop/productdetails/143647/chris-plant-based-french-onion-dip,https://www.woolworths.com.au/content/promotiontags/roundel-buy-more-save-more-200x200.png,https://assets.woolworths.com.au/images/1005/143647.jpg?impolicy=wowsmkqiema&w=260&h=260,$4.00,$2.00 / 100G,,, Add to cart , Save to list 
Oak Chocolate Milk 2l,https://www.woolworths.com.au/shop/productdetails/10384/oak-chocolate-milk,,https://assets.woolworths.com.au/images/1005/10384.jpg?impolicy=wowsmkqiema&w=260&h=260,$5.50,$2.75 / 1L,,, Add to cart , Save to list 
Sunny Queen 12 Extra Large Organic Free Range Eggs 700g,https://www.woolworths.com.au/shop/productdetails/140770/sunny-queen-12-extra-large-organic-free-range-eggs,,https://assets.woolworths.com.au/images/1005/140770.jpg?impolicy=wowsmkqiema&w=260&h=260,,,,,, Save to list 
Woolworths Beef Tortellini With Creamy Mushroom Sauce Chilled Meal 350g,https://www.woolworths.com.au/shop/productdetails/827205/woolworths-beef-tortellini-with-creamy-mushroom-sauce-chilled-meal,https://www.woolworths.com.au/content/promotiontags/roundel-buy-more-save-more-200x200.png,https://assets.woolworths.com.au/images/1005/827205.jpg?impolicy=wowsmkqiema&w=260&h=260,$7.00,$2.00 / 100G,3.6,697, Add to cart , Save to list 
Bega Tasty Grated Cheese 300g,https://www.woolworths.com.au/shop/productdetails/260988/bega-tasty-grated-cheese,,https://assets.woolworths.com.au/images/1005/260988.jpg?impolicy=wowsmkqiema&w=260&h=260,$7.00,$23.33 / 1KG,,, Add to cart , Save to list 
Home Chef Quiche Lorraine Chilled Meal 200g,https://www.woolworths.com.au/shop/productdetails/581054/home-chef-quiche-lorraine-chilled-meal,,https://assets.woolworths.com.au/images/1005/581054.jpg?impolicy=wowsmkqiema&w=260&h=260,$5.00,$2.50 / 100G,,, Add to cart , Save to list 
Woolworths Classic Potato Mash 475g,https://www.woolworths.com.au/shop/productdetails/828744/woolworths-classic-potato-mash-null,,https://assets.woolworths.com.au/images/1005/828744.jpg?impolicy=wowsmkqiema&w=260&h=260,$6.75,$1.42 / 100G,3.9,688, Add to cart , Save to list 
Chobani Oat Yogurt Vanilla Dairy Free 500g,https://www.woolworths.com.au/shop/productdetails/229861/chobani-oat-yogurt-vanilla,,https://assets.woolworths.com.au/images/1005/229861.jpg?impolicy=wowsmkqiema&w=260&h=260,$6.50,$1.30 / 100G,,, Add to cart , Save to list 
Farmers Union Plus Passionfruit Yogurt 160g,https://www.woolworths.com.au/shop/productdetails/242387/farmers-union-plus-passionfruit-yogurt,,https://assets.woolworths.com.au/images/1005/242387.jpg?impolicy=wowsmkqiema&w=260&h=260,$1.90,$1.19 / 100G,,, Add to cart , Save to list 
Pure Harvest Organic Oat Creamy 1l,https://www.woolworths.com.au/shop/productdetails/203577/pure-harvest-organic-oat-creamy,,https://assets.woolworths.com.au/images/1005/203577.jpg?impolicy=wowsmkqiema&w=260&h=260,$3.00,$3.00 / 1L,,, Add to cart , Save to list 
Home Chef Spinach & Feta Quiche Chilled Meal 200g,https://www.woolworths.com.au/shop/productdetails/581055/home-chef-spinach-feta-quiche-chilled-meal,,https://assets.woolworths.com.au/images/1005/581055.jpg?impolicy=wowsmkqiema&w=260&h=260,$5.00,$2.50 / 100G,4.3,330, Add to cart , Save to list 
Dairy Farmers Shape Skim Milk 1l,https://www.woolworths.com.au/shop/productdetails/145537/dairy-farmers-shape-skim-milk,https://www.woolworths.com.au/content/promotiontags/supporting-aus-milk-roundel-200x200.png,https://assets.woolworths.com.au/images/1005/145537.jpg?impolicy=wowsmkqiema&w=260&h=260,$2.95,$2.95 / 1L,,, Add to cart , Save to list 
Vitasoy Prebiotic Almond Milk 1l,https://www.woolworths.com.au/shop/productdetails/83287/vitasoy-prebiotic-almond-milk,https://www.woolworths.com.au/content/promotiontags/roundel-special-200x200.png,https://assets.woolworths.com.au/images/1005/83287.jpg?impolicy=wowsmkqiema&w=260&h=260,$2.80,$2.80 / 1L,,, Add to cart , Save to list 
Woolworths Extra Tasty Cheese Block 250g,https://www.woolworths.com.au/shop/productdetails/224937/woolworths-extra-tasty-cheese-block,,https://assets.woolworths.com.au/images/1005/224937.jpg?impolicy=wowsmkqiema&w=260&h=260,$5.50,$22.00 / 1KG,4.6,453, Add to cart , Save to list 
Cheer Aussie Jack Burger Slices 250g,https://www.woolworths.com.au/shop/productdetails/166326/cheer-aussie-jack-burger-slices,https://www.woolworths.com.au/content/promotiontags/roundel-special-200x200.png,https://assets.woolworths.com.au/images/1005/166326.jpg?impolicy=wowsmkqiema&w=260&h=260,$6.20,$24.80 / 1KG,,, Add to cart , Save to list 
Woolworths Roasted Vegetable & Fetta Salad Kit 500g,https://www.woolworths.com.au/shop/productdetails/161985/woolworths-roasted-vegetable-fetta-salad-kit,,https://assets.woolworths.com.au/images/1005/161985.jpg?impolicy=wowsmkqiema&w=260&h=260,$9.50,$1.90 / 100G,,, Add to cart , Save to list 
Norco Full Cream Milk 3l,https://www.woolworths.com.au/shop/productdetails/56591/norco-full-cream-milk,,https://assets.woolworths.com.au/images/1005/56591.jpg?impolicy=wowsmkqiema&w=260&h=260,$5.95,$1.98 / 1L,,, Add to cart , Save to list 
Liddells Lactose Free Probiotic Yoghurt Mango 700g,https://www.woolworths.com.au/shop/productdetails/167097/liddells-lactose-free-probiotic-yoghurt-mango,,https://assets.woolworths.com.au/images/1005/167097.jpg?impolicy=wowsmkqiema&w=260&h=260,$6.80,$0.97 / 100G,,, Add to cart , Save to list 
Woolworths Spring Onion & Chive Cream Cheese 200g,https://www.woolworths.com.au/shop/productdetails/696354/woolworths-spring-onion-chive-cream-cheese,,https://assets.woolworths.com.au/images/1005/696354.jpg?impolicy=wowsmkqiema&w=260&h=260,$3.60,$18.00 / 1KG,,, Add to cart , Save to list 
Easiyo Sweet Vanilla Yoghurt Base 230g,https://www.woolworths.com.au/shop/productdetails/173193/easiyo-sweet-vanilla-yoghurt-base,,https://assets.woolworths.com.au/images/1005/173193.jpg?impolicy=wowsmkqiema&w=260&h=260,$5.70,$2.48 / 100G,,, Add to cart , Save to list 
Dare Espresso Iced Coffee Iced Coffee 500ml,https://www.woolworths.com.au/shop/productdetails/40284/dare-espresso-iced-coffee-iced-coffee,https://www.woolworths.com.au/content/promotiontags/roundel-special-200x200.png,https://assets.woolworths.com.au/images/1005/40284.jpg?impolicy=wowsmkqiema&w=260&h=260,$3.00,$6.00 / 1L,,, Add to cart , Save to list 
Jarlsberg Sliced Cheese Per Kg,https://www.woolworths.com.au/shop/productdetails/93235/jarlsberg-sliced-cheese,https://www.woolworths.com.au/content/promotiontags/roundel-special-200x200.png,https://assets.woolworths.com.au/images/1005/93235.jpg?impolicy=wowsmkqiema&w=260&h=260,$25.00,$25.00 / 1KG,,, Add to cart , Save to list 
Nakula Organic Yoghurt Natural Unsweetened 1kg,https://www.woolworths.com.au/shop/productdetails/872611/nakula-organic-yoghurt-natural-unsweetened,,https://assets.woolworths.com.au/images/1005/872611.jpg?impolicy=wowsmkqiema&w=260&h=260,$10.00,$1.00 / 100G,,, Add to cart , Save to list 
Mersey Valley Classic Cheese 80g,https://www.woolworths.com.au/shop/productdetails/808121/mersey-valley-classic-cheese,https://www.woolworths.com.au/content/promotiontags/roundel-buy-more-save-more-200x200.png,https://assets.woolworths.com.au/images/1005/808121.jpg?impolicy=wowsmkqiema&w=260&h=260,$4.80,$60.00 / 1KG,,, Add to cart , Save to list 
Chris' Dips Sundried Tomato 200g,https://www.woolworths.com.au/shop/productdetails/66303/chris-dips-sundried-tomato,https://www.woolworths.com.au/content/promotiontags/roundel-buy-more-save-more-200x200.png,https://assets.woolworths.com.au/images/1005/66303.jpg?impolicy=wowsmkqiema&w=260&h=260,$4.00,$2.00 / 100G,,, Add to cart , Save to list 
La Famiglia Garlic Bread Just For 2 170g,https://www.woolworths.com.au/shop/productdetails/520533/la-famiglia-garlic-bread-just-for-2,,https://assets.woolworths.com.au/images/1005/520533.jpg?impolicy=wowsmkqiema&w=260&h=260,$3.00,$1.76 / 100G,,, Add to cart , Save to list 
The Collective Probiotic Kefir Pourable Yoghurt Mango Turmeric 700g,https://www.woolworths.com.au/shop/productdetails/690810/the-collective-probiotic-kefir-pourable-yoghurt-mango-turmeric,,https://assets.woolworths.com.au/images/1005/690810.jpg?impolicy=wowsmkqiema&w=260&h=260,$5.00,$0.71 / 100G,,, Add to cart , Save to list 
Bulla Creme Fraiche 200ml,https://www.woolworths.com.au/shop/productdetails/374553/bulla-creme-fraiche-creme-fraiche,,https://assets.woolworths.com.au/images/1005/374553.jpg?impolicy=wowsmkqiema&w=260&h=260,$5.00,$2.50 / 100ML,,, Add to cart , Save to list 
Evia Natural Yoghurt No Added Sugar 700g,https://www.woolworths.com.au/shop/productdetails/373846/evia-natural-yoghurt-no-added-sugar,,https://assets.woolworths.com.au/images/1005/373846.jpg?impolicy=wowsmkqiema&w=260&h=260,$6.50,$0.93 / 100G,,, Add to cart , Save to list 
Lemnos Smooth Fetta Cheese 200g,https://www.woolworths.com.au/shop/productdetails/211134/lemnos-smooth-fetta-cheese,,https://assets.woolworths.com.au/images/1005/211134.jpg?impolicy=wowsmkqiema&w=260&h=260,$6.50,$32.50 / 1KG,,, Add to cart , Save to list 
Nestle Carnation Lite Cooking Cream 300ml,https://www.woolworths.com.au/shop/productdetails/150173/nestle-carnation-lite-cooking-cream,,https://assets.woolworths.com.au/images/1005/150173.jpg?impolicy=wowsmkqiema&w=260&h=260,$3.50,$11.67 / 1L,,, Add to cart , Save to list 
Pura Pure Cream 300ml,https://www.woolworths.com.au/shop/productdetails/77777/pura-pure-cream,,https://assets.woolworths.com.au/images/1005/77777.jpg?impolicy=wowsmkqiema&w=260&h=260,$3.15,$1.05 / 100ML,,, Add to cart , Save to list 
Laughing Cow Cheese Light 128g,https://www.woolworths.com.au/shop/productdetails/346546/laughing-cow-cheese-light,,https://assets.woolworths.com.au/images/1005/346546.jpg?impolicy=wowsmkqiema&w=260&h=260,$4.70,$36.72 / 1KG,,, Add to cart , Save to list 
Kraft Grated Parmesan Cheese Cheese 125g,https://www.woolworths.com.au/shop/productdetails/33599/kraft-grated-parmesan-cheese-cheese,,https://assets.woolworths.com.au/images/1005/33599.jpg?impolicy=wowsmkqiema&w=260&h=260,$5.00,$40.00 / 1KG,,, Add to cart , Save to list 
Strength Meals Co Chicken Stroganoff Chilled Meal 350g,https://www.woolworths.com.au/shop/productdetails/110892/strength-meals-co-chicken-stroganoff-chilled-meal,https://www.woolworths.com.au/content/promotiontags/final_only_at_woolworths_roundel_200x200.png,https://assets.woolworths.com.au/images/1005/110892.jpg?impolicy=wowsmkqiema&w=260&h=260,$9.00,$2.57 / 100G,,, Add to cart , Save to list 
Woolworths Butter Chicken With Rice Chilled Meal 350g,https://www.woolworths.com.au/shop/productdetails/830497/woolworths-butter-chicken-with-rice-chilled-meal,https://www.woolworths.com.au/content/promotiontags/roundel-buy-more-save-more-200x200.png,https://assets.woolworths.com.au/images/1005/830497.jpg?impolicy=wowsmkqiema&w=260&h=260,$7.00,$2.00 / 100G,3.6,479, Add to cart , Save to list 
Nutty Bruce Organic Unsweetened Almond Plant Milk 1l,https://www.woolworths.com.au/shop/productdetails/662836/nutty-bruce-organic-unsweetened-almond-plant-milk,,https://assets.woolworths.com.au/images/1005/662836.jpg?impolicy=wowsmkqiema&w=260&h=260,$6.00,$6.00 / 1L,,, Add to cart , Save to list 
Obela Hommus 1kg,https://www.woolworths.com.au/shop/productdetails/664036/obela-hommus,,https://assets.woolworths.com.au/images/1005/664036.jpg?impolicy=wowsmkqiema&w=260&h=260,$8.00,$0.80 / 100G,,, Add to cart , Save to list 
Chris' Dips Spicy Capsicum 200g,https://www.woolworths.com.au/shop/productdetails/28703/chris-dips-spicy-capsicum,https://www.woolworths.com.au/content/promotiontags/roundel-buy-more-save-more-200x200.png,https://assets.woolworths.com.au/images/1005/28703.jpg?impolicy=wowsmkqiema&w=260&h=260,$4.00,$2.00 / 100G,,, Add to cart , Save to list 
Thomas Dux Triple Cream Brie 200g,https://www.woolworths.com.au/shop/productdetails/87467/thomas-dux-triple-cream-brie,https://www.woolworths.com.au/content/promotiontags/roundel-buy-more-save-more-200x200.png,https://assets.woolworths.com.au/images/1005/87467.jpg?impolicy=wowsmkqiema&w=260&h=260,$5.50,$27.50 / 1KG,4.6,876, Add to cart , Save to list 
Ruffie Rustic Foods Smoky Bacon Leek & Cheddar Quiche 2 Pack,https://www.woolworths.com.au/shop/productdetails/805079/ruffie-rustic-foods-smoky-bacon-leek-cheddar-quiche,,https://assets.woolworths.com.au/images/1005/805079.jpg?impolicy=wowsmkqiema&w=260&h=260,$14.00,$3.50 / 100G,,, Add to cart , Save to list 
The Collective Probiotic Kefir Pourable Yoghurt Natural 700g,https://www.woolworths.com.au/shop/productdetails/690709/the-collective-probiotic-kefir-pourable-yoghurt-natural,,https://assets.woolworths.com.au/images/1005/690709.jpg?impolicy=wowsmkqiema&w=260&h=260,$5.00,$0.71 / 100G,5.0,1, Add to cart , Save to list 
Woolworths Naked Burrito Kit 500g,https://www.woolworths.com.au/shop/productdetails/102345/woolworths-naked-burrito-kit,,https://assets.woolworths.com.au/images/1005/102345.jpg?impolicy=wowsmkqiema&w=260&h=260,$9.50,$1.90 / 100G,4.1,376, Add to cart , Save to list 
Vitasoy Almond Milky 1l,https://www.woolworths.com.au/shop/productdetails/660390/vitasoy-almond-milky,,https://assets.woolworths.com.au/images/1005/660390.jpg?impolicy=wowsmkqiema&w=260&h=260,$3.00,$3.00 / 1L,,, Add to cart , Save to list 
Mainland Extra Tasty Block 500g,https://www.woolworths.com.au/shop/productdetails/807870/mainland-extra-tasty-block,https://www.woolworths.com.au/content/promotiontags/roundel-special-200x200.png,https://assets.woolworths.com.au/images/1005/807870.jpg?impolicy=wowsmkqiema&w=260&h=260,$9.00,$18.00 / 1KG,5.0,1, Add to cart , Save to list 
Pace Farm 12 Extra Large Cage Free Eggs 700g,https://www.woolworths.com.au/shop/productdetails/59790/pace-farm-12-extra-large-cage-free-eggs,,https://assets.woolworths.com.au/images/1005/59790.jpg?impolicy=wowsmkqiema&w=260&h=260,$5.80,$0.83 / 100G,,, Add to cart , Save to list 
La Famiglia Garlic Bread Sourdough 480g,https://www.woolworths.com.au/shop/productdetails/717519/la-famiglia-garlic-bread-sourdough,https://www.woolworths.com.au/content/promotiontags/roundel-special-200x200.png,https://assets.woolworths.com.au/images/1005/717519.jpg?impolicy=wowsmkqiema&w=260&h=260,$6.00,$1.25 / 100G,,, Add to cart , Save to list 
Devondale 3 Cheese Blend Shredded Cheese 600g,https://www.woolworths.com.au/shop/productdetails/807863/devondale-3-cheese-blend-shredded-cheese,,https://assets.woolworths.com.au/images/1005/807863.jpg?impolicy=wowsmkqiema&w=260&h=260,$11.00,$18.33 / 1KG,5.0,1, Add to cart , Save to list 
Macro Organic Rice Milk 1l,https://www.woolworths.com.au/shop/productdetails/701667/macro-organic-rice-milk,,https://assets.woolworths.com.au/images/1005/701667.jpg?impolicy=wowsmkqiema&w=260&h=260,$1.65,$1.65 / 1L,3.6,327, Add to cart , Save to list 
Simmone Logue Country Style Chicken Soup 350g,https://www.woolworths.com.au/shop/productdetails/215281/simmone-logue-country-style-chicken-soup,,https://assets.woolworths.com.au/images/1005/215281.jpg?impolicy=wowsmkqiema&w=260&h=260,$5.75,$1.64 / 100G,,, Add to cart , Save to list 
Zanetti Firm Parmesan Cheese Grana Padano 200g,https://www.woolworths.com.au/shop/productdetails/324007/zanetti-firm-parmesan-cheese-grana-padano,https://www.woolworths.com.au/content/promotiontags/roundel-special-200x200.png,https://assets.woolworths.com.au/images/1005/324007.jpg?impolicy=wowsmkqiema&w=260&h=260,$9.00,$45.00 / 1KG,,, Add to cart , Save to list 
Dairy Farmers Light Milk 1l,https://www.woolworths.com.au/shop/productdetails/144408/dairy-farmers-light-milk,https://www.woolworths.com.au/content/promotiontags/supporting-aus-milk-roundel-200x200.png,https://assets.woolworths.com.au/images/1005/144408.jpg?impolicy=wowsmkqiema&w=260&h=260,$2.95,$2.95 / 1L,,, Add to cart , Save to list 
Macro Organic Almond Milk 1l,https://www.woolworths.com.au/shop/productdetails/730941/macro-organic-almond-milk,,https://assets.woolworths.com.au/images/1005/730941.jpg?impolicy=wowsmkqiema&w=260&h=260,$2.50,$2.50 / 1L,4.0,339, Add to cart , Save to list 
Pura Sour Cream 400ml,https://www.woolworths.com.au/shop/productdetails/199286/pura-sour-cream,,https://assets.woolworths.com.au/images/1005/199286.jpg?impolicy=wowsmkqiema&w=260&h=260,$4.60,$1.15 / 100ML,,, Add to cart , Save to list 
Woolworths Roasted Vegetable Quiche Chilled Meal 700g,https://www.woolworths.com.au/shop/productdetails/698619/woolworths-roasted-vegetable-quiche-chilled-meal,,https://assets.woolworths.com.au/images/1005/698619.jpg?impolicy=wowsmkqiema&w=260&h=260,$14.00,$2.00 / 100G,4.2,444, Add to cart , Save to list 
Easiyo Strawberry Flavour Yoghurt Base 230g,https://www.woolworths.com.au/shop/productdetails/173166/easiyo-strawberry-flavour-yoghurt-base,,https://assets.woolworths.com.au/images/1005/173166.jpg?impolicy=wowsmkqiema&w=260&h=260,$5.70,$2.48 / 100G,,, Add to cart , Save to list 
Woolworths Stone Baked Garlic Naan Bread 2 Pack,https://www.woolworths.com.au/shop/productdetails/135205/woolworths-stone-baked-garlic-naan-bread-null,,https://assets.woolworths.com.au/images/1005/135205.jpg?impolicy=wowsmkqiema&w=260&h=260,$3.25,$1.08 / 100G,4.1,1476, Add to cart , Save to list 
Chobani Greek Yogurt Mango 160g,https://www.woolworths.com.au/shop/productdetails/267174/chobani-greek-yogurt-mango,,https://assets.woolworths.com.au/images/1005/267174.jpg?impolicy=wowsmkqiema&w=260&h=260,$2.50,$1.56 / 100G,,, Add to cart , Save to list 
Jalna Farm To Pot Organic Greek Yoghurt 1kg,https://www.woolworths.com.au/shop/productdetails/161084/jalna-farm-to-pot-organic-greek-yoghurt,,https://assets.woolworths.com.au/images/1005/161084.jpg?impolicy=wowsmkqiema&w=260&h=260,$8.80,$0.88 / 100G,,, Add to cart , Save to list 
"Yumi's Choice Guacamole, Spring Onion & Jalapeno Dip 150g",https://www.woolworths.com.au/shop/productdetails/205511/yumi-s-choice-guacamole-spring-onion-jalapeno-dip,,https://assets.woolworths.com.au/images/1005/205511.jpg?impolicy=wowsmkqiema&w=260&h=260,$4.50,$3.00 / 100G,,, Add to cart , Save to list 
Woolworths Gouda Cheese Slices 200g,https://www.woolworths.com.au/shop/productdetails/348698/woolworths-gouda-cheese-slices,,https://assets.woolworths.com.au/images/1005/348698.jpg?impolicy=wowsmkqiema&w=260&h=260,$5.00,$25.00 / 1KG,4.4,1244, Add to cart , Save to list 
Woolworths Light Tasty Cheese & Crackers 120g,https://www.woolworths.com.au/shop/productdetails/120672/woolworths-light-tasty-cheese-crackers,,https://assets.woolworths.com.au/images/1005/120672.jpg?impolicy=wowsmkqiema&w=260&h=260,$4.60,$38.33 / 1KG,4.0,1, Add to cart , Save to list 
Yumi's Roasted Veggie Burger Patties 2 Pack,https://www.woolworths.com.au/shop/productdetails/239185/yumi-s-roasted-veggie-burger-patties,,https://assets.woolworths.com.au/images/1005/239185.jpg?impolicy=wowsmkqiema&w=260&h=260,$6.00,$27.27 / 1KG,,, Add to cart , Save to list 
Primo Mini Mix Ups Paw Patrol Ham Cheese & Choc Chip Cookies 35g,https://www.woolworths.com.au/shop/productdetails/176313/primo-mini-mix-ups-paw-patrol-ham-cheese-choc-chip-cookies,,https://assets.woolworths.com.au/images/1005/176313.jpg?impolicy=wowsmkqiema&w=260&h=260,$3.75,$107.14 / 1KG,,, Add to cart , Save to list 
Mainland Munchables Tasty Cheese & Crackers 4 Pack,https://www.woolworths.com.au/shop/productdetails/302570/mainland-munchables-tasty-cheese-crackers,,https://assets.woolworths.com.au/images/1005/302570.jpg?impolicy=wowsmkqiema&w=260&h=260,$6.00,$50.00 / 1KG,,, Add to cart , Save to list 
"Red Rock Deli Basil Pesto, Pecorino & Cashews 150g",https://www.woolworths.com.au/shop/productdetails/755203/red-rock-deli-basil-pesto-pecorino-cashews,https://www.woolworths.com.au/content/promotiontags/online-only-special-green-roundel.png,https://assets.woolworths.com.au/images/1005/755203.jpg?impolicy=wowsmkqiema&w=260&h=260,$5.00,$3.33 / 100G,,, Add to cart , Save to list 
Dairyworks Colby Cheese & Rice Crackers 4x120g,https://www.woolworths.com.au/shop/productdetails/769404/dairyworks-colby-cheese-rice-crackers,https://www.woolworths.com.au/content/promotiontags/roundel-special-200x200.png,https://assets.woolworths.com.au/images/1005/769404.jpg?impolicy=wowsmkqiema&w=260&h=260,$4.50,$37.50 / 1KG,,, Add to cart , Save to list 
Leggos Fresh Ricotta & Spinach Agnolotti 630g,https://www.woolworths.com.au/shop/productdetails/844412/leggos-fresh-ricotta-spinach-agnolotti,https://www.woolworths.com.au/content/promotiontags/roundel-special-200x200.png,https://assets.woolworths.com.au/images/1005/844412.jpg?impolicy=wowsmkqiema&w=260&h=260,$7.00,$1.11 / 100G,,, Add to cart , Save to list 
Willow Farm Snacking Hommus Dip 3 Pack,https://www.woolworths.com.au/shop/productdetails/240587/willow-farm-snacking-hommus-dip,,https://assets.woolworths.com.au/images/1005/240587.jpg?impolicy=wowsmkqiema&w=260&h=260,$2.20,$1.22 / 100G,,, Add to cart , Save to list 
Strength Meals Co Lemon Herb Chicken Chilled Meal 350g,https://www.woolworths.com.au/shop/productdetails/110878/strength-meals-co-lemon-herb-chicken-chilled-meal,https://www.woolworths.com.au/content/promotiontags/final_only_at_woolworths_roundel_200x200.png,https://assets.woolworths.com.au/images/1005/110878.jpg?impolicy=wowsmkqiema&w=260&h=260,$9.00,$2.57 / 100G,,, Add to cart , Save to list 
Jase's Kitchen Pizza Base 2 Pack,https://www.woolworths.com.au/shop/productdetails/780861/jase-s-kitchen-pizza-base,,https://assets.woolworths.com.au/images/1005/780861.jpg?impolicy=wowsmkqiema&w=260&h=260,$4.50,$0.75 / 100G,,, Add to cart , Save to list 
Bega Lactose Free Grated Cheese 300g,https://www.woolworths.com.au/shop/productdetails/176914/bega-lactose-free-grated-cheese,,https://assets.woolworths.com.au/images/1005/176914.jpg?impolicy=wowsmkqiema&w=260&h=260,$7.00,$23.33 / 1KG,,, Add to cart , Save to list 
Sugo Tu Pizza Dough Chilled 200g,https://www.woolworths.com.au/shop/productdetails/122433/sugo-tu-pizza-dough-chilled,https://www.woolworths.com.au/content/promotiontags/roundel-special-200x200.png,https://assets.woolworths.com.au/images/1005/122433.jpg?impolicy=wowsmkqiema&w=260&h=260,$2.70,$1.35 / 100G,,, Add to cart , Save to list 
Maggie Beer Truffle Triple Cream Brie 200g,https://www.woolworths.com.au/shop/productdetails/95422/maggie-beer-truffle-triple-cream-brie,https://www.woolworths.com.au/content/promotiontags/roundel-special-200x200.png,https://assets.woolworths.com.au/images/1005/95422.jpg?impolicy=wowsmkqiema&w=260&h=260,$9.40,$47.00 / 1KG,,, Add to cart , Save to list 
Chris' Dips Sweet Potato & Cashew 200g,https://www.woolworths.com.au/shop/productdetails/66302/chris-dips-sweet-potato-cashew,https://www.woolworths.com.au/content/promotiontags/roundel-buy-more-save-more-200x200.png,https://assets.woolworths.com.au/images/1005/66302.jpg?impolicy=wowsmkqiema&w=260&h=260,$4.00,$2.00 / 100G,,, Add to cart , Save to list 
Nuttelex Olive Table Spread 500g,https://www.woolworths.com.au/shop/productdetails/320268/nuttelex-olive-table-spread,,https://assets.woolworths.com.au/images/1005/320268.jpg?impolicy=wowsmkqiema&w=260&h=260,$4.75,$0.95 / 100G,,, Add to cart , Save to list 
Woolworths Roasted Garlic Mash 475g,https://www.woolworths.com.au/shop/productdetails/828746/woolworths-roasted-garlic-mash-null,,https://assets.woolworths.com.au/images/1005/828746.jpg?impolicy=wowsmkqiema&w=260&h=260,$6.75,$1.42 / 100G,4.3,172, Add to cart , Save to list 
Dairylea Fridge Sticks Cheese 160g,https://www.woolworths.com.au/shop/productdetails/799093/dairylea-fridge-sticks-cheese,,https://assets.woolworths.com.au/images/1005/799093.jpg?impolicy=wowsmkqiema&w=260&h=260,$4.55,$28.44 / 1KG,,, Add to cart , Save to list 
Nestle Carnation Creamy Evaporated Milk 340ml,https://www.woolworths.com.au/shop/productdetails/150443/nestle-carnation-creamy-evaporated-milk,,https://assets.woolworths.com.au/images/1005/150443.jpg?impolicy=wowsmkqiema&w=260&h=260,$3.00,$8.82 / 1L,,, Add to cart , Save to list 
"Picante Fresh Avocado With Capsicum, Chives & Lime 170g",https://www.woolworths.com.au/shop/productdetails/113938/picante-fresh-avocado-with-capsicum-chives-lime,,https://assets.woolworths.com.au/images/1005/113938.jpg?impolicy=wowsmkqiema&w=260&h=260,$4.50,$2.65 / 100G,,, Add to cart , Save to list 
Thomas Dux Truffle Brie 125g,https://www.woolworths.com.au/shop/productdetails/151777/thomas-dux-truffle-brie,https://www.woolworths.com.au/content/promotiontags/roundel-buy-more-save-more-200x200.png,https://assets.woolworths.com.au/images/1005/151777.jpg?impolicy=wowsmkqiema&w=260&h=260,$5.00,$40.00 / 1KG,4.1,2289, Add to cart , Save to list 
Babybel Mini Cheese Portions 100g,https://www.woolworths.com.au/shop/productdetails/295443/babybel-mini-cheese-portions,,https://assets.woolworths.com.au/images/1005/295443.jpg?impolicy=wowsmkqiema&w=260&h=260,$5.90,$59.00 / 1KG,,, Add to cart , Save to list 
Nakula Organic Coconut Milk Yoghurt With Probiotics Vanilla 1kg,https://www.woolworths.com.au/shop/productdetails/125330/nakula-organic-coconut-milk-yoghurt-with-probiotics-vanilla,,https://assets.woolworths.com.au/images/1005/125330.jpg?impolicy=wowsmkqiema&w=260&h=260,$10.00,$1.00 / 100G,,, Add to cart , Save to list 
Lemnos Crumbled Fetta Pouch Traditional 150g,https://www.woolworths.com.au/shop/productdetails/172574/lemnos-crumbled-fetta-pouch-traditional,,https://assets.woolworths.com.au/images/1005/172574.jpg?impolicy=wowsmkqiema&w=260&h=260,$6.00,$40.00 / 1KG,,, Add to cart , Save to list 
Woolworths 12 Extra Large Cage Free Eggs 700g,https://www.woolworths.com.au/shop/productdetails/165367/woolworths-12-extra-large-cage-free-eggs,,https://assets.woolworths.com.au/images/1005/165367.jpg?impolicy=wowsmkqiema&w=260&h=260,,,,,, Save to list 
Chobani Greek Yogurt Natural Light 160g,https://www.woolworths.com.au/shop/productdetails/265568/chobani-greek-yogurt-natural-light,,https://assets.woolworths.com.au/images/1005/265568.jpg?impolicy=wowsmkqiema&w=260&h=260,$2.50,$1.56 / 100G,,, Add to cart , Save to list 
Mainland On The Go Tasty Cheese And Crackers 50g,https://www.woolworths.com.au/shop/productdetails/224795/mainland-on-the-go-tasty-cheese-and-crackers,,https://assets.woolworths.com.au/images/1005/224795.jpg?impolicy=wowsmkqiema&w=260&h=260,$2.50,$50.00 / 1KG,,, Add to cart , Save to list 
Lemnos Traditional Fetta 180g,https://www.woolworths.com.au/shop/productdetails/162581/lemnos-traditional-fetta,,https://assets.woolworths.com.au/images/1005/162581.jpg?impolicy=wowsmkqiema&w=260&h=260,$6.50,$36.11 / 1KG,,, Add to cart , Save to list 
Macro Vegie-lish Moroccan Inspired Burger 250g,https://www.woolworths.com.au/shop/productdetails/822555/macro-vegie-lish-moroccan-inspired-burger,,https://assets.woolworths.com.au/images/1005/822555.jpg?impolicy=wowsmkqiema&w=260&h=260,,,3.8,507,, Save to list 
Pace Farm 18 Large Free Range Eggs 900g,https://www.woolworths.com.au/shop/productdetails/655429/pace-farm-18-large-free-range-eggs,,https://assets.woolworths.com.au/images/1005/655429.jpg?impolicy=wowsmkqiema&w=260&h=260,$9.40,$1.04 / 100G,,, Add to cart , Save to list 
The Salad Servers Antipasto Risoni With Green Pesto Salad 500g,https://www.woolworths.com.au/shop/productdetails/239511/the-salad-servers-antipasto-risoni-with-green-pesto-salad,,https://assets.woolworths.com.au/images/1005/239511.jpg?impolicy=wowsmkqiema&w=260&h=260,$8.00,$1.60 / 100G,,, Add to cart , Save to list 
The Salad Servers Roast Tomato & White Bean Couscous' 300g,https://www.woolworths.com.au/shop/productdetails/239834/the-salad-servers-roast-tomato-white-bean-couscous-,,https://assets.woolworths.com.au/images/1005/239834.jpg?impolicy=wowsmkqiema&w=260&h=260,$6.30,$2.10 / 100G,,, Add to cart , Save to list 
Mainland On The Go Tasty Cheese And Crackers 4 Pack,https://www.woolworths.com.au/shop/productdetails/253846/mainland-on-the-go-tasty-cheese-and-crackers,,https://assets.woolworths.com.au/images/1005/253846.jpg?impolicy=wowsmkqiema&w=260&h=260,$6.00,$50.00 / 1KG,,, Add to cart , Save to list 
Philadelphia Original Cream Cheese Spread Tub 140g,https://www.woolworths.com.au/shop/productdetails/858232/philadelphia-original-cream-cheese-spread-tub,,https://assets.woolworths.com.au/images/1005/858232.jpg?impolicy=wowsmkqiema&w=260&h=260,$4.00,$28.57 / 1KG,,, Add to cart , Save to list 
Flora Proactiv Margarine Spread Buttery 500g,https://www.woolworths.com.au/shop/productdetails/370962/flora-proactiv-margarine-spread-buttery,https://www.woolworths.com.au/content/promotiontags/roundel-special-200x200.png,https://assets.woolworths.com.au/images/1005/370962.jpg?impolicy=wowsmkqiema&w=260&h=260,$7.50,$1.50 / 100G,,, Add to cart , Save to list 
Dairyworks Cheddar Cheese Burger Slices 200g,https://www.woolworths.com.au/shop/productdetails/681781/dairyworks-cheddar-cheese-burger-slices,https://www.woolworths.com.au/content/promotiontags/final_only_at_woolworths_roundel_200x200.png,https://assets.woolworths.com.au/images/1005/681781.jpg?impolicy=wowsmkqiema&w=260&h=260,$6.00,$30.00 / 1KG,,, Add to cart , Save to list 
Primo Mini Mix Ups Baby Shark Mild Twiggy Bites Cheese & Pretzels 35g,https://www.woolworths.com.au/shop/productdetails/225586/primo-mini-mix-ups-baby-shark-mild-twiggy-bites-cheese-pretzels,https://www.woolworths.com.au/content/promotiontags/final_only_at_woolworths_roundel_200x200.png,https://assets.woolworths.com.au/images/1005/225586.jpg?impolicy=wowsmkqiema&w=260&h=260,$3.75,$107.14 / 1KG,,, Add to cart , Save to list 
Woolworths Sweet Chilli Cream Cheese 200g,https://www.woolworths.com.au/shop/productdetails/696355/woolworths-sweet-chilli-cream-cheese,,https://assets.woolworths.com.au/images/1005/696355.jpg?impolicy=wowsmkqiema&w=260&h=260,$3.60,$18.00 / 1KG,4.3,346, Add to cart , Save to list 
Devondale Tasty Cheese Block 625g,https://www.woolworths.com.au/shop/productdetails/193763/devondale-tasty-cheese-block,,https://assets.woolworths.com.au/images/1005/193763.jpg?impolicy=wowsmkqiema&w=260&h=260,$11.00,$17.60 / 1KG,,, Add to cart , Save to list 
Arnott's Jatz Cracker Biscuits & Tasty Cheese 33g,https://www.woolworths.com.au/shop/productdetails/222878/arnott-s-jatz-cracker-biscuits-tasty-cheese,,https://assets.woolworths.com.au/images/1005/222878.jpg?impolicy=wowsmkqiema&w=260&h=260,$3.20,$96.97 / 1KG,,, Add to cart , Save to list 
The Salad Servers Goldden Quinoa With Rainbow Vegetables 800g,https://www.woolworths.com.au/shop/productdetails/239476/the-salad-servers-goldden-quinoa-with-rainbow-vegetables,,https://assets.woolworths.com.au/images/1005/239476.jpg?impolicy=wowsmkqiema&w=260&h=260,$10.50,$1.31 / 100G,,, Add to cart , Save to list 
Bonsoy Almond Milk 1l,https://www.woolworths.com.au/shop/productdetails/85169/bonsoy-almond-milk,,https://assets.woolworths.com.au/images/1005/85169.jpg?impolicy=wowsmkqiema&w=260&h=260,$4.80,$4.80 / 1L,,, Add to cart , Save to list 
South Cape Trilogy Onion Chives & Smoked Cheddar Cheese 140g,https://www.woolworths.com.au/shop/productdetails/305741/south-cape-trilogy-onion-chives-smoked-cheddar-cheese,,https://assets.woolworths.com.au/images/1005/305741.jpg?impolicy=wowsmkqiema&w=260&h=260,$6.50,$46.43 / 1KG,,, Add to cart , Save to list 
Dare No Added Sugar Double Espresso Iced Coffee 500ml,https://www.woolworths.com.au/shop/productdetails/11076/dare-no-added-sugar-double-espresso-iced-coffee,https://www.woolworths.com.au/content/promotiontags/roundel-special-200x200.png,https://assets.woolworths.com.au/images/1005/11076.jpg?impolicy=wowsmkqiema&w=260&h=260,$3.00,$6.00 / 1L,,, Add to cart , Save to list 
Primo Trios Cheesy Kabana Cheese & Pretzels 53g,https://www.woolworths.com.au/shop/productdetails/194713/primo-trios-cheesy-kabana-cheese-pretzels,https://www.woolworths.com.au/content/promotiontags/roundel-special-200x200.png,https://assets.woolworths.com.au/images/1005/194713.jpg?impolicy=wowsmkqiema&w=260&h=260,$3.70,$69.81 / 1KG,,, Add to cart , Save to list 
Jarlsberg Shaved Cheese Per Kg,https://www.woolworths.com.au/shop/productdetails/85924/jarlsberg-shaved-cheese,https://www.woolworths.com.au/content/promotiontags/roundel-special-200x200.png,https://assets.woolworths.com.au/images/1005/85924.jpg?impolicy=wowsmkqiema&w=260&h=260,$25.00,$25.00 / 1KG,,, Add to cart , Save to list 
Macro Organic Unsalted Butter 250g,https://www.woolworths.com.au/shop/productdetails/862996/macro-organic-unsalted-butter,,https://assets.woolworths.com.au/images/1005/862996.jpg?impolicy=wowsmkqiema&w=260&h=260,$4.90,$1.96 / 100G,4.5,393, Add to cart , Save to list 
Woolworths Cheese & Crackers Extra Tasty 50g,https://www.woolworths.com.au/shop/productdetails/76010/woolworths-cheese-crackers-extra-tasty,,https://assets.woolworths.com.au/images/1005/76010.jpg?impolicy=wowsmkqiema&w=260&h=260,$1.90,$38.00 / 1KG,4.5,695, Add to cart , Save to list 
Wildly Good Beetroot & Black Bean Veggie Burgers 250g,https://www.woolworths.com.au/shop/productdetails/63664/wildly-good-beetroot-black-bean-veggie-burgers,https://www.woolworths.com.au/content/promotiontags/roundel-special-200x200.png,https://assets.woolworths.com.au/images/1005/63664.jpg?impolicy=wowsmkqiema&w=260&h=260,$5.60,$22.40 / 1KG,,, Add to cart , Save to list 
Willow Farm Avocado Dip 200g,https://www.woolworths.com.au/shop/productdetails/240228/willow-farm-avocado-dip,,https://assets.woolworths.com.au/images/1005/240228.jpg?impolicy=wowsmkqiema&w=260&h=260,$2.50,$1.25 / 100G,,, Add to cart , Save to list 
Woolworths Ricotta & Spinach Cannelloni Chilled Meal 700g,https://www.woolworths.com.au/shop/productdetails/827226/woolworths-ricotta-spinach-cannelloni-chilled-meal,https://www.woolworths.com.au/content/promotiontags/roundel-special-200x200.png,https://assets.woolworths.com.au/images/1005/827226.jpg?impolicy=wowsmkqiema&w=260&h=260,$12.75,$1.82 / 100G,4.5,12, Add to cart , Save to list 
Jarlsberg Original Cheese Slices Sliced Cheese 150g,https://www.woolworths.com.au/shop/productdetails/930997/jarlsberg-original-cheese-slices-sliced-cheese,,https://assets.woolworths.com.au/images/1005/930997.jpg?impolicy=wowsmkqiema&w=260&h=260,$8.05,$53.67 / 1KG,,, Add to cart , Save to list 
Arnott's Chicken Crimpy Shapes Cracker Biscuits & Cheese 32g,https://www.woolworths.com.au/shop/productdetails/259644/arnott-s-chicken-crimpy-shapes-cracker-biscuits-cheese,,https://assets.woolworths.com.au/images/1005/259644.jpg?impolicy=wowsmkqiema&w=260&h=260,$3.20,$100.00 / 1KG,,, Add to cart , Save to list 
Jalna Greek Natural Yoghurt Plus Prebiotics 1kg,https://www.woolworths.com.au/shop/productdetails/230871/jalna-greek-natural-yoghurt-plus-prebiotics,https://www.woolworths.com.au/content/promotiontags/final_only_at_woolworths_roundel_200x200.png,https://assets.woolworths.com.au/images/1005/230871.jpg?impolicy=wowsmkqiema&w=260&h=260,$8.80,$0.88 / 100G,,, Add to cart , Save to list 
Minor Figures Minor Figures Barista Oat Uht Organic Milk 1l,https://www.woolworths.com.au/shop/productdetails/155063/minor-figures-barista-oat-uht-organic-milk,,https://assets.woolworths.com.au/images/1005/155063.jpg?impolicy=wowsmkqiema&w=260&h=260,$4.90,$4.90 / 1L,,, Add to cart , Save to list 
Woolworths Australian Tasty Cheese & Mild Salami Slices 40g,https://www.woolworths.com.au/shop/productdetails/172786/woolworths-australian-tasty-cheese-mild-salami-slices,,https://assets.woolworths.com.au/images/1005/172786.jpg?impolicy=wowsmkqiema&w=260&h=260,$2.30,$57.50 / 1KG,3.7,623, Add to cart , Save to list 
Obela Hommus Garnished With Zesty Jalapenos 220g,https://www.woolworths.com.au/shop/productdetails/787650/obela-hommus-garnished-with-zesty-jalapenos,,https://assets.woolworths.com.au/images/1005/787650.jpg?impolicy=wowsmkqiema&w=260&h=260,$5.00,$2.27 / 100G,,, Add to cart , Save to list 
Woolworths Traditional Bocconcini 220g,https://www.woolworths.com.au/shop/productdetails/810778/woolworths-traditional-bocconcini,,https://assets.woolworths.com.au/images/1005/810778.jpg?impolicy=wowsmkqiema&w=260&h=260,,,4.5,658,, Save to list 
Foster Clark's Custard Powder 350g,https://www.woolworths.com.au/shop/productdetails/33379/foster-clark-s-custard-powder,,https://assets.woolworths.com.au/images/1005/33379.jpg?impolicy=wowsmkqiema&w=260&h=260,$2.75,$0.79 / 100G,,, Add to cart , Save to list 
Sugo Tu Pizza Sauce Chilled 150g,https://www.woolworths.com.au/shop/productdetails/179689/sugo-tu-pizza-sauce-chilled,https://www.woolworths.com.au/content/promotiontags/roundel-special-200x200.png,https://assets.woolworths.com.au/images/1005/179689.jpg?impolicy=wowsmkqiema&w=260&h=260,$2.25,$1.50 / 100G,,, Add to cart , Save to list 
Woolworths Marinated Danish Fetta Cheese In Herb & Garlic 300g,https://www.woolworths.com.au/shop/productdetails/102477/woolworths-marinated-danish-fetta-cheese-in-herb-garlic,,https://assets.woolworths.com.au/images/1005/102477.jpg?impolicy=wowsmkqiema&w=260&h=260,$6.50,$21.67 / 1KG,4.4,386, Add to cart , Save to list 
Thomas Dux English Vintage Cheddar 200g,https://www.woolworths.com.au/shop/productdetails/81583/thomas-dux-english-vintage-cheddar,https://www.woolworths.com.au/content/promotiontags/roundel-buy-more-save-more-200x200.png,https://assets.woolworths.com.au/images/1005/81583.jpg?impolicy=wowsmkqiema&w=260&h=260,$5.00,$25.00 / 1KG,4.6,1042, Add to cart , Save to list 
Moondarra Cream Cheese Honey & Pistachio 120g,https://www.woolworths.com.au/shop/productdetails/970291/moondarra-cream-cheese-honey-pistachio,https://www.woolworths.com.au/content/promotiontags/roundel-special-200x200.png,https://assets.woolworths.com.au/images/1005/970291.jpg?impolicy=wowsmkqiema&w=260&h=260,$3.50,$29.17 / 1KG,,, Add to cart , Save to list 
Laughing Cow Cheez Dippers 140g,https://www.woolworths.com.au/shop/productdetails/702391/laughing-cow-cheez-dippers,,https://assets.woolworths.com.au/images/1005/702391.jpg?impolicy=wowsmkqiema&w=260&h=260,$5.50,$39.29 / 1KG,,, Add to cart , Save to list 
La Casa Del Formaggio Fresh Mozzarella 125g,https://www.woolworths.com.au/shop/productdetails/732059/la-casa-del-formaggio-fresh-mozzarella,,https://assets.woolworths.com.au/images/1005/732059.jpg?impolicy=wowsmkqiema&w=260&h=260,,,,,, Save to list 
"Woolworths Sliced Mild Salami With Tasty Cheese, Garlic Stuffed Olives 60g",https://www.woolworths.com.au/shop/productdetails/85680/woolworths-sliced-mild-salami-with-tasty-cheese-garlic-stuffed-olives,,https://assets.woolworths.com.au/images/1005/85680.jpg?impolicy=wowsmkqiema&w=260&h=260,$3.30,$55.00 / 1KG,4.1,692, Add to cart , Save to list 
Coyo Organic Coconut Yoghurt Vanilla Bean 900g,https://www.woolworths.com.au/shop/productdetails/211285/coyo-organic-coconut-yoghurt-vanilla-bean,,https://assets.woolworths.com.au/images/1005/211285.jpg?impolicy=wowsmkqiema&w=260&h=260,$12.00,$1.33 / 100G,,, Add to cart , Save to list 
Woolworths Cook Cauliflower Broccoli & Carrot With Herb Butter 200g,https://www.woolworths.com.au/shop/productdetails/583617/woolworths-cook-cauliflower-broccoli-carrot-with-herb-butter,,https://assets.woolworths.com.au/images/1005/583617.jpg?impolicy=wowsmkqiema&w=260&h=260,$4.50,$22.50 / 1KG,3.6,715, Add to cart , Save to list 
Chris' Dips Cheese & Chive 200g,https://www.woolworths.com.au/shop/productdetails/263846/chris-dips-cheese-chive,https://www.woolworths.com.au/content/promotiontags/roundel-buy-more-save-more-200x200.png,https://assets.woolworths.com.au/images/1005/263846.jpg?impolicy=wowsmkqiema&w=260&h=260,$4.00,$2.00 / 100G,,, Add to cart , Save to list 
Picasso Kitchen Pizza Base 260g,https://www.woolworths.com.au/shop/productdetails/637441/picasso-kitchen-pizza-base,,https://assets.woolworths.com.au/images/1005/637441.jpg?impolicy=wowsmkqiema&w=260&h=260,$2.00,$0.77 / 100G,,, Add to cart , Save to list 
Antoniou Fillo Pastry 375g,https://www.woolworths.com.au/shop/productdetails/90922/antoniou-fillo-pastry,https://www.woolworths.com.au/content/promotiontags/local-seals-nsw.png,https://assets.woolworths.com.au/images/1005/90922.jpg?impolicy=wowsmkqiema&w=260&h=260,$4.30,$1.15 / 100G,,, Add to cart , Save to list 
Nestle Carnation Light & Creamy Evaporated Milk 340ml,https://www.woolworths.com.au/shop/productdetails/151917/nestle-carnation-light-creamy-evaporated-milk,,https://assets.woolworths.com.au/images/1005/151917.jpg?impolicy=wowsmkqiema&w=260&h=260,$3.00,$8.82 / 1L,,, Add to cart , Save to list 
Woolworths Tasty Cheese Cubes & Mini Pretzels 35g,https://www.woolworths.com.au/shop/productdetails/85679/woolworths-tasty-cheese-cubes-mini-pretzels,,https://assets.woolworths.com.au/images/1005/85679.jpg?impolicy=wowsmkqiema&w=260&h=260,$2.30,$65.71 / 1KG,4.3,765, Add to cart , Save to list 
Olive Grove Lite Spread 500g,https://www.woolworths.com.au/shop/productdetails/56962/olive-grove-lite-spread,,https://assets.woolworths.com.au/images/1005/56962.jpg?impolicy=wowsmkqiema&w=260&h=260,$5.00,$1.00 / 100G,,, Add to cart , Save to list 
Australia's Own Full Cream Long Life Milk 200ml X6 Pack,https://www.woolworths.com.au/shop/productdetails/109361/australia-s-own-full-cream-long-life-milk,,https://assets.woolworths.com.au/images/1005/109361.jpg?impolicy=wowsmkqiema&w=260&h=260,$4.00,$3.33 / 1L,,, Add to cart , Save to list 
Chobani Greek Yogurt Strawberry 160g,https://www.woolworths.com.au/shop/productdetails/264659/chobani-greek-yogurt-strawberry,,https://assets.woolworths.com.au/images/1005/264659.jpg?impolicy=wowsmkqiema&w=260&h=260,$2.50,$1.56 / 100G,,, Add to cart , Save to list 
Creative Foods Chilled Garlic Bread 2 Pack 500g,https://www.woolworths.com.au/shop/productdetails/470294/creative-foods-chilled-garlic-bread-2-pack,,https://assets.woolworths.com.au/images/1005/470294.jpg?impolicy=wowsmkqiema&w=260&h=260,$4.80,$0.96 / 100G,,, Add to cart , Save to list 
Lemnos Haloumi Cheese 180g,https://www.woolworths.com.au/shop/productdetails/162588/lemnos-haloumi-cheese,,https://assets.woolworths.com.au/images/1005/162588.jpg?impolicy=wowsmkqiema&w=260&h=260,$7.00,$38.89 / 1KG,,, Add to cart , Save to list 
Chobani Greek Yogurt Lemon 160g,https://www.woolworths.com.au/shop/productdetails/265548/chobani-greek-yogurt-lemon,,https://assets.woolworths.com.au/images/1005/265548.jpg?impolicy=wowsmkqiema&w=260&h=260,$2.50,$1.56 / 100G,,, Add to cart , Save to list 
Mainland Cheese & Lavosh Crackers Caramelised Onion 36g,https://www.woolworths.com.au/shop/productdetails/176903/mainland-cheese-lavosh-crackers-caramelised-onion,,https://assets.woolworths.com.au/images/1005/176903.jpg?impolicy=wowsmkqiema&w=260&h=260,$2.50,$69.44 / 1KG,,, Add to cart , Save to list 
V2 Plant Based Spaghetti Bolognese 350g,https://www.woolworths.com.au/shop/productdetails/213427/v2-plant-based-spaghetti-bolognese,,https://assets.woolworths.com.au/images/1005/213427.jpg?impolicy=wowsmkqiema&w=260&h=260,,,,,, Save to list 
Dairy Farmers Pure Cream 600ml,https://www.woolworths.com.au/shop/productdetails/258866/dairy-farmers-pure-cream,,https://assets.woolworths.com.au/images/1005/258866.jpg?impolicy=wowsmkqiema&w=260&h=260,$5.10,$0.85 / 100ML,5.0,1, Add to cart , Save to list 
Woolworths Australian Butter Unsalted 250g,https://www.woolworths.com.au/shop/productdetails/68977/woolworths-australian-butter-unsalted,,https://assets.woolworths.com.au/images/1005/68977.jpg?impolicy=wowsmkqiema&w=260&h=260,$4.30,$1.72 / 100G,4.8,421, Add to cart , Save to list 
Meredith Dairy Goats Cheese 320g,https://www.woolworths.com.au/shop/productdetails/135884/meredith-dairy-goats-cheese-in-olive-oil,,https://assets.woolworths.com.au/images/1005/135884.jpg?impolicy=wowsmkqiema&w=260&h=260,$12.99,$40.59 / 1KG,,, Add to cart , Save to list 
Grand Italian Tuscan Finest Vodka Tomato Fresh Pasta Sauce 250g,https://www.woolworths.com.au/shop/productdetails/153077/grand-italian-tuscan-finest-vodka-tomato-fresh-pasta-sauce,,https://assets.woolworths.com.au/images/1005/153077.jpg?impolicy=wowsmkqiema&w=260&h=260,$5.50,$2.20 / 100G,,, Add to cart , Save to list 
Woolworths Habanero Cheese Slices With Mild Salami & Crackers 50g,https://www.woolworths.com.au/shop/productdetails/85692/woolworths-habanero-cheese-slices-with-mild-salami-crackers,,https://assets.woolworths.com.au/images/1005/85692.jpg?impolicy=wowsmkqiema&w=260&h=260,$3.30,$66.00 / 1KG,4.4,397, Add to cart , Save to list 
Zanetti Parmigiano Reggiano 200g,https://www.woolworths.com.au/shop/productdetails/324006/zanetti-parmigiano-reggiano-parmigiano-reggiano,,https://assets.woolworths.com.au/images/1005/324006.jpg?impolicy=wowsmkqiema&w=260&h=260,$12.50,$62.50 / 1KG,,, Add to cart , Save to list 
Nuttelex Lite Margarine Spread 500g,https://www.woolworths.com.au/shop/productdetails/233135/nuttelex-lite-margarine-spread,,https://assets.woolworths.com.au/images/1005/233135.jpg?impolicy=wowsmkqiema&w=260&h=260,$4.70,$0.94 / 100G,,, Add to cart , Save to list 
New South Wales Yoghurt Co Mango Yoghurt Tub 700g,https://www.woolworths.com.au/shop/productdetails/243662/new-south-wales-yoghurt-co-mango-yoghurt-tub,https://www.woolworths.com.au/content/promotiontags/roundel-special-200x200.png,https://assets.woolworths.com.au/images/1005/243662.jpg?impolicy=wowsmkqiema&w=260&h=260,$5.90,$0.84 / 100G,,, Add to cart , Save to list 
Nestle Chocolate Mousse 62gx 2 Pack,https://www.woolworths.com.au/shop/productdetails/111943/nestle-chocolate-mousse-mousse,,https://assets.woolworths.com.au/images/1005/111943.jpg?impolicy=wowsmkqiema&w=260&h=260,$2.80,$2.26 / 100G,,, Add to cart , Save to list 
Sanitarium So Good Chilled Unsweetened Almond Milk 1l,https://www.woolworths.com.au/shop/productdetails/476794/sanitarium-so-good-chilled-unsweetened-almond-milk,https://www.woolworths.com.au/content/promotiontags/project-harvest-roundel-1-for-1-v2-200x200.png,https://assets.woolworths.com.au/images/1005/476794.jpg?impolicy=wowsmkqiema&w=260&h=260,$4.20,$4.20 / 1L,,, Add to cart , Save to list 
Woolworths Australian Butter Salted 250g,https://www.woolworths.com.au/shop/productdetails/68978/woolworths-australian-butter-salted,,https://assets.woolworths.com.au/images/1005/68978.jpg?impolicy=wowsmkqiema&w=260&h=260,$4.30,$1.72 / 100G,4.8,691, Add to cart , Save to list 
Woolworths Shredded Mozzarella Cheddar & Pecorino Blend 250g,https://www.woolworths.com.au/shop/productdetails/136462/woolworths-shredded-mozzarella-cheddar-pecorino-blend,,https://assets.woolworths.com.au/images/1005/136462.jpg?impolicy=wowsmkqiema&w=260&h=260,$5.80,$23.20 / 1KG,4.5,542, Add to cart , Save to list 
Cheer Cheese Slices Tasty Light 750g,https://www.woolworths.com.au/shop/productdetails/165785/cheer-cheese-slices-tasty-light,,https://assets.woolworths.com.au/images/1005/165785.jpg?impolicy=wowsmkqiema&w=260&h=260,$14.00,$18.67 / 1KG,,, Add to cart , Save to list 
Dare Double Espresso Iced Coffee Iced Coffee 750ml,https://www.woolworths.com.au/shop/productdetails/293933/dare-double-espresso-iced-coffee-iced-coffee,,https://assets.woolworths.com.au/images/1005/293933.jpg?impolicy=wowsmkqiema&w=260&h=260,$4.90,$6.53 / 1L,,, Add to cart , Save to list 
Devondale Colby Cheese Block 625g,https://www.woolworths.com.au/shop/productdetails/193761/devondale-colby-cheese-block,,https://assets.woolworths.com.au/images/1005/193761.jpg?impolicy=wowsmkqiema&w=260&h=260,$11.00,$17.60 / 1KG,,, Add to cart , Save to list 
Cocobella Dairy Free Coconut Yoghurt Mango 500g,https://www.woolworths.com.au/shop/productdetails/205101/cocobella-dairy-free-coconut-yoghurt-mango,,https://assets.woolworths.com.au/images/1005/205101.jpg?impolicy=wowsmkqiema&w=260&h=260,$6.00,$1.20 / 100G,,, Add to cart , Save to list 
Flora Proactiv Margarine Buttery 750g,https://www.woolworths.com.au/shop/productdetails/763453/flora-proactiv-margarine-buttery,,https://assets.woolworths.com.au/images/1005/763453.jpg?impolicy=wowsmkqiema&w=260&h=260,$12.00,$1.60 / 100G,,, Add to cart , Save to list 
Devondale Shredded Mozzarella Cheese 600g,https://www.woolworths.com.au/shop/productdetails/334934/devondale-shredded-mozzarella-cheese,,https://assets.woolworths.com.au/images/1005/334934.jpg?impolicy=wowsmkqiema&w=260&h=260,$11.00,$18.33 / 1KG,,, Add to cart , Save to list 
Bega So Light 50% Reduced Fat Cheese Slices 30 Pack,https://www.woolworths.com.au/shop/productdetails/226463/bega-so-light-50-reduced-fat-cheese-slices,,https://assets.woolworths.com.au/images/1005/226463.jpg?impolicy=wowsmkqiema&w=260&h=260,$10.50,$21.00 / 1KG,5.0,2, Add to cart , Save to list 
Thomas Dux Dutch Smoked Cheese 200g,https://www.woolworths.com.au/shop/productdetails/85967/thomas-dux-dutch-smoked-cheese,https://www.woolworths.com.au/content/promotiontags/roundel-buy-more-save-more-200x200.png,https://assets.woolworths.com.au/images/1005/85967.jpg?impolicy=wowsmkqiema&w=260&h=260,$4.80,$24.00 / 1KG,4.3,506, Add to cart , Save to list 
Woolworths Sweet Corn Fritters 200g,https://www.woolworths.com.au/shop/productdetails/135503/woolworths-sweet-corn-fritters-null,,https://assets.woolworths.com.au/images/1005/135503.jpg?impolicy=wowsmkqiema&w=260&h=260,$6.50,$3.25 / 100G,3.8,470, Add to cart , Save to list 
Primo Cheesy Kabana Cheese & Arnotts Shapes 53g,https://www.woolworths.com.au/shop/productdetails/261245/primo-cheesy-kabana-cheese-arnotts-shapes,https://www.woolworths.com.au/content/promotiontags/roundel-special-200x200.png,https://assets.woolworths.com.au/images/1005/261245.jpg?impolicy=wowsmkqiema&w=260&h=260,$3.70,$69.81 / 1KG,,, Add to cart , Save to list 
"Red Rock Deli Dip Roasted Red Capsicum, Pecorino, Cashews & Basil 150g",https://www.woolworths.com.au/shop/productdetails/703614/red-rock-deli-dip-roasted-red-capsicum-pecorino-cashews-basil,https://www.woolworths.com.au/content/promotiontags/online-only-special-green-roundel.png,https://assets.woolworths.com.au/images/1005/703614.jpg?impolicy=wowsmkqiema&w=260&h=260,$5.00,$3.33 / 100G,,, Add to cart , Save to list 
Suntory Boss Coffee Iced Latte Cans 237ml X4 Pack,https://www.woolworths.com.au/shop/productdetails/122299/suntory-boss-coffee-iced-latte-cans,https://www.woolworths.com.au/content/promotiontags/roundel-special-200x200.png,https://assets.woolworths.com.au/images/1005/122299.jpg?impolicy=wowsmkqiema&w=260&h=260,$9.00,$9.49 / 1L,,, Add to cart , Save to list 
Ruffie Rustic Foods Zucchini Frittata 2 Pack,https://www.woolworths.com.au/shop/productdetails/805078/ruffie-rustic-foods-zucchini-frittata,,https://assets.woolworths.com.au/images/1005/805078.jpg?impolicy=wowsmkqiema&w=260&h=260,$14.00,$3.50 / 100G,,, Add to cart , Save to list 
Chris' Guacamole 200g,https://www.woolworths.com.au/shop/productdetails/805414/chris-guacamole,https://www.woolworths.com.au/content/promotiontags/roundel-buy-more-save-more-200x200.png,https://assets.woolworths.com.au/images/1005/805414.jpg?impolicy=wowsmkqiema&w=260&h=260,$4.00,$2.00 / 100G,,, Add to cart , Save to list 
Flora Margarine Spread Buttery 1kg,https://www.woolworths.com.au/shop/productdetails/762296/flora-margarine-spread-buttery,https://www.woolworths.com.au/content/promotiontags/roundel-special-200x200.png,https://assets.woolworths.com.au/images/1005/762296.jpg?impolicy=wowsmkqiema&w=260&h=260,$7.00,$0.70 / 100G,5.0,1, Add to cart , Save to list 
Perfect Italiano Extra Sharp Parmesan Cheese 200g,https://www.woolworths.com.au/shop/productdetails/226469/perfect-italiano-extra-sharp-parmesan-cheese,,https://assets.woolworths.com.au/images/1005/226469.jpg?impolicy=wowsmkqiema&w=260&h=260,$7.00,$35.00 / 1KG,,, Add to cart , Save to list 
Primo Mini Mix Ups Paw Patrol Mild Salami Cheese & Cookies 35g,https://www.woolworths.com.au/shop/productdetails/110543/primo-mini-mix-ups-paw-patrol-mild-salami-cheese-cookies,https://www.woolworths.com.au/content/promotiontags/final_only_at_woolworths_roundel_200x200.png,https://assets.woolworths.com.au/images/1005/110543.jpg?impolicy=wowsmkqiema&w=260&h=260,$3.75,$107.14 / 1KG,,, Add to cart , Save to list 
Woolworths Vanilla Custard Powder 300g,https://www.woolworths.com.au/shop/productdetails/820977/woolworths-vanilla-custard-powder,,https://assets.woolworths.com.au/images/1005/820977.jpg?impolicy=wowsmkqiema&w=260&h=260,$2.40,$0.80 / 100G,,, Add to cart , Save to list 
Fantastic Fresh Noodles Hokkien 450g,https://www.woolworths.com.au/shop/productdetails/145566/fantastic-fresh-noodles-hokkien,,https://assets.woolworths.com.au/images/1005/145566.jpg?impolicy=wowsmkqiema&w=260&h=260,$3.00,$0.67 / 100G,,, Add to cart , Save to list 
Sunfed Chicken Free Chicken 300g,https://www.woolworths.com.au/shop/productdetails/814850/sunfed-chicken-free-chicken,,https://assets.woolworths.com.au/images/1005/814850.jpg?impolicy=wowsmkqiema&w=260&h=260,$10.00,$33.33 / 1KG,,, Add to cart , Save to list 
Latina Fresh Creamy Carbonara Pasta Sauce 425g,https://www.woolworths.com.au/shop/productdetails/42091/latina-fresh-creamy-carbonara-pasta-sauce,,https://assets.woolworths.com.au/images/1005/42091.jpg?impolicy=wowsmkqiema&w=260&h=260,$7.00,$1.65 / 100G,,, Add to cart , Save to list 
Flora Margarine Spread Buttery 500g,https://www.woolworths.com.au/shop/productdetails/247153/flora-margarine-spread-buttery,,https://assets.woolworths.com.au/images/1005/247153.jpg?impolicy=wowsmkqiema&w=260&h=260,$5.25,$1.05 / 100G,,, Add to cart , Save to list 
Woolworths Light Whipped Cream 250g,https://www.woolworths.com.au/shop/productdetails/295649/woolworths-light-whipped-cream,,https://assets.woolworths.com.au/images/1005/295649.jpg?impolicy=wowsmkqiema&w=260&h=260,$5.60,$2.24 / 100G,4.2,455, Add to cart , Save to list 
Philadelphia Original Cream Cheese Portions Snacks 150g,https://www.woolworths.com.au/shop/productdetails/221027/philadelphia-original-cream-cheese-portions-snacks,,https://assets.woolworths.com.au/images/1005/221027.jpg?impolicy=wowsmkqiema&w=260&h=260,$4.00,$26.67 / 1KG,,, Add to cart , Save to list 
Yumi's Choice Red Capsicum Pesto With Roasted Cashews Dip 150g,https://www.woolworths.com.au/shop/productdetails/207950/yumi-s-choice-red-capsicum-pesto-with-roasted-cashews-dip,,https://assets.woolworths.com.au/images/1005/207950.jpg?impolicy=wowsmkqiema&w=260&h=260,$4.50,$3.00 / 100G,,, Add to cart , Save to list 
Woolworths Mascarpone Cheese 250g,https://www.woolworths.com.au/shop/productdetails/763671/woolworths-mascarpone-cheese,,https://assets.woolworths.com.au/images/1005/763671.jpg?impolicy=wowsmkqiema&w=260&h=260,$4.40,$17.60 / 1KG,4.7,398, Add to cart , Save to list 
Cheer Mozzarella Slices 250g,https://www.woolworths.com.au/shop/productdetails/166589/cheer-mozzarella-slices,https://www.woolworths.com.au/content/promotiontags/roundel-special-200x200.png,https://assets.woolworths.com.au/images/1005/166589.jpg?impolicy=wowsmkqiema&w=260&h=260,$6.20,$24.80 / 1KG,,, Add to cart , Save to list 
Dairyworks Tasty Cheese & Rice Cracker 10 Pack,https://www.woolworths.com.au/shop/productdetails/578498/dairyworks-tasty-cheese-rice-cracker,,https://assets.woolworths.com.au/images/1005/578498.jpg?impolicy=wowsmkqiema&w=260&h=260,$11.00,$36.67 / 1KG,,, Add to cart , Save to list 
Sss Foods Hommus Coriander Cummin & Mild Chilli 225g,https://www.woolworths.com.au/shop/productdetails/773802/sss-foods-hommus-coriander-cummin-mild-chilli,https://www.woolworths.com.au/content/promotiontags/local-seals-nsw.png,https://assets.woolworths.com.au/images/1005/773802.jpg?impolicy=wowsmkqiema&w=260&h=260,$3.80,$1.69 / 100G,,, Add to cart , Save to list 
Macro Coconut Yoghurt Tzatziki 180g,https://www.woolworths.com.au/shop/productdetails/136997/macro-coconut-yoghurt-tzatziki,,https://assets.woolworths.com.au/images/1005/136997.jpg?impolicy=wowsmkqiema&w=260&h=260,$4.00,$2.22 / 100G,3.6,546, Add to cart , Save to list 
Pauls Smarter Reduced Fat Milk 1l,https://www.woolworths.com.au/shop/productdetails/204747/pauls-smarter-reduced-fat-milk,https://www.woolworths.com.au/content/promotiontags/supporting-aus-milk-roundel-200x200.png,https://assets.woolworths.com.au/images/1005/204747.jpg?impolicy=wowsmkqiema&w=260&h=260,$3.10,$3.10 / 1L,,, Add to cart , Save to list 
Chobani Greek Yogurt Vanilla 160g,https://www.woolworths.com.au/shop/productdetails/267214/chobani-greek-yogurt-vanilla,,https://assets.woolworths.com.au/images/1005/267214.jpg?impolicy=wowsmkqiema&w=260&h=260,$2.50,$1.56 / 100G,,, Add to cart , Save to list 
Woolworths Light Tasty Cheese Block 250g,https://www.woolworths.com.au/shop/productdetails/526950/woolworths-light-tasty-cheese-block,,https://assets.woolworths.com.au/images/1005/526950.jpg?impolicy=wowsmkqiema&w=260&h=260,$5.50,$22.00 / 1KG,4.2,373, Add to cart , Save to list 
Made With Plants Shredded Cheddar Dairy Free 200g,https://www.woolworths.com.au/shop/productdetails/152653/made-with-plants-shredded-cheddar-dairy-free,,https://assets.woolworths.com.au/images/1005/152653.jpg?impolicy=wowsmkqiema&w=260&h=260,$6.00,$30.00 / 1KG,,, Add to cart , Save to list 
Woolworths Skim Milk Powder 1kg,https://www.woolworths.com.au/shop/productdetails/789358/woolworths-skim-milk-powder,,https://assets.woolworths.com.au/images/1005/789358.jpg?impolicy=wowsmkqiema&w=260&h=260,$10.00,$1.00 / 100G,4.2,503, Add to cart , Save to list 
Mainland Munchables Rice Crackers 4 Pack,https://www.woolworths.com.au/shop/productdetails/682794/mainland-munchables-rice-crackers,,https://assets.woolworths.com.au/images/1005/682794.jpg?impolicy=wowsmkqiema&w=260&h=260,$6.00,$50.00 / 1KG,,, Add to cart , Save to list 
Bega Tasty Cheese Block Tasty 750g,https://www.woolworths.com.au/shop/productdetails/381313/bega-tasty-cheese-block-tasty,,https://assets.woolworths.com.au/images/1005/381313.jpg?impolicy=wowsmkqiema&w=260&h=260,,,,,, Save to list 
Brancourts Cottage Cheese Classic 250g,https://www.woolworths.com.au/shop/productdetails/757097/brancourts-cottage-cheese-classic,,https://assets.woolworths.com.au/images/1005/757097.jpg?impolicy=wowsmkqiema&w=260&h=260,$5.50,$22.00 / 1KG,,, Add to cart , Save to list 
Pauls Farmhouse Gold Milk 750ml,https://www.woolworths.com.au/shop/productdetails/404980/pauls-farmhouse-gold-milk,https://www.woolworths.com.au/content/promotiontags/supporting-aus-milk-roundel-200x200.png,https://assets.woolworths.com.au/images/1005/404980.jpg?impolicy=wowsmkqiema&w=260&h=260,$3.20,$4.27 / 1L,,, Add to cart , Save to list 
The Salad Servers American Style Potatoes 500g,https://www.woolworths.com.au/shop/productdetails/239697/the-salad-servers-american-style-potatoes,,https://assets.woolworths.com.au/images/1005/239697.jpg?impolicy=wowsmkqiema&w=260&h=260,$8.00,$1.60 / 100G,,, Add to cart , Save to list 
Manning Valley 12 Jumbo Free Range Eggs 800g,https://www.woolworths.com.au/shop/productdetails/363392/manning-valley-12-jumbo-free-range-eggs,,https://assets.woolworths.com.au/images/1005/363392.jpg?impolicy=wowsmkqiema&w=260&h=260,,,,,, Save to list 
Pace Farm 6 Large Organic Free Range Eggs 300g,https://www.woolworths.com.au/shop/productdetails/212721/pace-farm-6-large-organic-free-range-eggs,,https://assets.woolworths.com.au/images/1005/212721.jpg?impolicy=wowsmkqiema&w=260&h=260,$5.95,$1.98 / 100G,,, Add to cart , Save to list 
Yumi's Choice Rocket & Basil Pesto With Roasted Almonds Dip 150g,https://www.woolworths.com.au/shop/productdetails/208803/yumi-s-choice-rocket-basil-pesto-with-roasted-almonds-dip,,https://assets.woolworths.com.au/images/1005/208803.jpg?impolicy=wowsmkqiema&w=260&h=260,$4.50,$3.00 / 100G,,, Add to cart , Save to list 
Chris' Plant Based Spicy Capsicum 200g,https://www.woolworths.com.au/shop/productdetails/68240/chris-plant-based-spicy-capsicum,https://www.woolworths.com.au/content/promotiontags/roundel-buy-more-save-more-200x200.png,https://assets.woolworths.com.au/images/1005/68240.jpg?impolicy=wowsmkqiema&w=260&h=260,$4.00,$2.00 / 100G,,, Add to cart , Save to list 
Dare Mocha Iced Coffee Iced Coffee 500ml,https://www.woolworths.com.au/shop/productdetails/323328/dare-mocha-iced-coffee-iced-coffee,https://www.woolworths.com.au/content/promotiontags/roundel-special-200x200.png,https://assets.woolworths.com.au/images/1005/323328.jpg?impolicy=wowsmkqiema&w=260&h=260,$3.00,$6.00 / 1L,,, Add to cart , Save to list 
Tasmanian Heritage Double Brie Cheese 250g,https://www.woolworths.com.au/shop/productdetails/77182/tasmanian-heritage-double-brie-cheese,,https://assets.woolworths.com.au/images/1005/77182.jpg?impolicy=wowsmkqiema&w=260&h=260,$14.90,$59.60 / 1KG,,, Add to cart , Save to list 
Pauls Double Thick Custard French Vanilla 900g,https://www.woolworths.com.au/shop/productdetails/331450/pauls-double-thick-custard-french-vanilla,,https://assets.woolworths.com.au/images/1005/331450.jpg?impolicy=wowsmkqiema&w=260&h=260,$6.80,$0.76 / 100G,,, Add to cart , Save to list 
Perfect Italiano Mexican Style Grated Cheese 150g,https://www.woolworths.com.au/shop/productdetails/137574/perfect-italiano-mexican-style-grated-cheese,,https://assets.woolworths.com.au/images/1005/137574.jpg?impolicy=wowsmkqiema&w=260&h=260,$4.00,$26.67 / 1KG,,, Add to cart , Save to list 
Made With Plants Shredded Mozzarella Dairy Free 200g,https://www.woolworths.com.au/shop/productdetails/118215/made-with-plants-shredded-mozzarella-dairy-free,,https://assets.woolworths.com.au/images/1005/118215.jpg?impolicy=wowsmkqiema&w=260&h=260,$6.00,$30.00 / 1KG,1.0,1, Add to cart , Save to list 
Liddells Lactose Free Shredded Cheese 250g,https://www.woolworths.com.au/shop/productdetails/741042/liddells-lactose-free-shredded-cheese,,https://assets.woolworths.com.au/images/1005/741042.jpg?impolicy=wowsmkqiema&w=260&h=260,$8.30,$33.20 / 1KG,,, Add to cart , Save to list 
Aunty Kath's Cookie Dough Choc Chip 450g,https://www.woolworths.com.au/shop/productdetails/44127/aunty-kath-s-cookie-dough-choc-chip,,https://assets.woolworths.com.au/images/1005/44127.jpg?impolicy=wowsmkqiema&w=260&h=260,,,,,, Save to list 
The Sauce By Manu Diane Sauce 150g,https://www.woolworths.com.au/shop/productdetails/156065/the-sauce-by-manu-diane-sauce,,https://assets.woolworths.com.au/images/1005/156065.jpg?impolicy=wowsmkqiema&w=260&h=260,$5.00,$3.33 / 100G,,, Add to cart , Save to list 
Picasso Pizza Dough Ball 250g,https://www.woolworths.com.au/shop/productdetails/965942/picasso-pizza-dough-ball,,https://assets.woolworths.com.au/images/1005/965942.jpg?impolicy=wowsmkqiema&w=260&h=260,$2.00,$0.80 / 100G,,, Add to cart , Save to list 
La Casa Fresh Mozzarella Cheese 200g,https://www.woolworths.com.au/shop/productdetails/763149/la-casa-fresh-mozzarella-cheese,,https://assets.woolworths.com.au/images/1005/763149.jpg?impolicy=wowsmkqiema&w=260&h=260,$6.00,$30.00 / 1KG,,, Add to cart , Save to list 
Leggos Fresh Napoli Sauce 450g,https://www.woolworths.com.au/shop/productdetails/618571/leggos-fresh-napoli-sauce,https://www.woolworths.com.au/content/promotiontags/roundel-special-200x200.png,https://assets.woolworths.com.au/images/1005/618571.jpg?impolicy=wowsmkqiema&w=260&h=260,$5.00,$1.11 / 100G,,, Add to cart , Save to list 
Chobani Oat Milk Barista Edition 1l,https://www.woolworths.com.au/shop/productdetails/238299/chobani-oat-milk-barista-edition,,https://assets.woolworths.com.au/images/1005/238299.jpg?impolicy=wowsmkqiema&w=260&h=260,$5.00,$5.00 / 1L,,, Add to cart , Save to list 
Pura Thick Cream Dollop 300ml,https://www.woolworths.com.au/shop/productdetails/48124/pura-thick-cream-dollop,,https://assets.woolworths.com.au/images/1005/48124.jpg?impolicy=wowsmkqiema&w=260&h=260,$4.30,$1.43 / 100ML,,, Add to cart , Save to list 
Macro Organic Coconut Milk Unsweetened 1l,https://www.woolworths.com.au/shop/productdetails/150167/macro-organic-coconut-milk-unsweetened,,https://assets.woolworths.com.au/images/1005/150167.jpg?impolicy=wowsmkqiema&w=260&h=260,$2.25,$2.25 / 1L,4.0,378, Add to cart , Save to list 
Dairylea Cheestik Sticks 240g,https://www.woolworths.com.au/shop/productdetails/64076/dairylea-cheestik-sticks,,https://assets.woolworths.com.au/images/1005/64076.jpg?impolicy=wowsmkqiema&w=260&h=260,$6.00,$25.00 / 1KG,,, Add to cart , Save to list 
Leggos Fresh Pasta Sauce Bolognese 450g,https://www.woolworths.com.au/shop/productdetails/618612/leggos-fresh-pasta-sauce-bolognese,https://www.woolworths.com.au/content/promotiontags/roundel-special-200x200.png,https://assets.woolworths.com.au/images/1005/618612.jpg?impolicy=wowsmkqiema&w=260&h=260,$5.00,$1.11 / 100G,,, Add to cart , Save to list 
Devondale Sandwich Cheese Slices 500g,https://www.woolworths.com.au/shop/productdetails/729880/devondale-sandwich-cheese-slices,,https://assets.woolworths.com.au/images/1005/729880.jpg?impolicy=wowsmkqiema&w=260&h=260,$7.50,$15.00 / 1KG,,, Add to cart , Save to list 
Norco Full Cream Milk 1l,https://www.woolworths.com.au/shop/productdetails/316080/norco-full-cream-milk,,https://assets.woolworths.com.au/images/1005/316080.jpg?impolicy=wowsmkqiema&w=260&h=260,$2.60,$2.60 / 1L,,, Add to cart , Save to list 
Manning Valley 12 Free Range Eggs 540g,https://www.woolworths.com.au/shop/productdetails/361498/manning-valley-12-free-range-eggs,,https://assets.woolworths.com.au/images/1005/361498.jpg?impolicy=wowsmkqiema&w=260&h=260,,,,,, Save to list 
Bio Cheese Dairy Free Cheddar Slices 200g,https://www.woolworths.com.au/shop/productdetails/954528/bio-cheese-dairy-free-cheddar-slices,,https://assets.woolworths.com.au/images/1005/954528.jpg?impolicy=wowsmkqiema&w=260&h=260,$9.00,$45.00 / 1KG,,, Add to cart , Save to list 
Bio Cheese Dairy Free Pizza Shred 200g,https://www.woolworths.com.au/shop/productdetails/678734/bio-cheese-dairy-free-pizza-shred,https://www.woolworths.com.au/content/promotiontags/roundel-special-200x200.png,https://assets.woolworths.com.au/images/1005/678734.jpg?impolicy=wowsmkqiema&w=260&h=260,$6.30,$31.50 / 1KG,,, Add to cart , Save to list 
Flora Margarine Spread Original 1kg,https://www.woolworths.com.au/shop/productdetails/48293/flora-margarine-spread-original,https://www.woolworths.com.au/content/promotiontags/roundel-special-200x200.png,https://assets.woolworths.com.au/images/1005/48293.jpg?impolicy=wowsmkqiema&w=260&h=260,$7.00,$0.70 / 100G,,, Add to cart , Save to list 
Lemnos Cheese Fetta 2 Pack,https://www.woolworths.com.au/shop/productdetails/485598/lemnos-cheese-fetta,,https://assets.woolworths.com.au/images/1005/485598.jpg?impolicy=wowsmkqiema&w=260&h=260,$7.00,$35.00 / 1KG,,, Add to cart , Save to list 
Danone Activia Probiotics Peach Yoghurt 125g X 4 Pack,https://www.woolworths.com.au/shop/productdetails/244792/danone-activia-probiotics-peach-yoghurt,,https://assets.woolworths.com.au/images/1005/244792.jpg?impolicy=wowsmkqiema&w=260&h=260,$5.00,$1.00 / 100G,,, Add to cart , Save to list 
Strength Meals Co Braised Beef Ragu Chilled Meal 350g,https://www.woolworths.com.au/shop/productdetails/110876/strength-meals-co-braised-beef-ragu-chilled-meal,https://www.woolworths.com.au/content/promotiontags/final_only_at_woolworths_roundel_200x200.png,https://assets.woolworths.com.au/images/1005/110876.jpg?impolicy=wowsmkqiema&w=260&h=260,$9.00,$2.57 / 100G,,, Add to cart , Save to list 
Woolworths Plantitude Lentil & Mushroom Cottage Pie 350g,https://www.woolworths.com.au/shop/productdetails/183395/woolworths-plantitude-lentil-mushroom-cottage-pie,https://www.woolworths.com.au/content/promotiontags/roundel-buy-more-save-more-200x200.png,https://assets.woolworths.com.au/images/1005/183395.jpg?impolicy=wowsmkqiema&w=260&h=260,$7.00,$2.00 / 100G,3.7,341, Add to cart , Save to list 
Chobani Greek Yogurt Blueberry 160g,https://www.woolworths.com.au/shop/productdetails/263341/chobani-greek-yogurt-blueberry,,https://assets.woolworths.com.au/images/1005/263341.jpg?impolicy=wowsmkqiema&w=260&h=260,$2.50,$1.56 / 100G,,, Add to cart , Save to list 
Primo Duos Mild Pepperni Twiggy & Cheese Snack 50g,https://www.woolworths.com.au/shop/productdetails/222691/primo-duos-mild-pepperni-twiggy-cheese-snack,https://www.woolworths.com.au/content/promotiontags/roundel-special-200x200.png,https://assets.woolworths.com.au/images/1005/222691.jpg?impolicy=wowsmkqiema&w=260&h=260,$3.70,$74.00 / 1KG,,, Add to cart , Save to list 
Primo Mini Mix Ups Paw Patrol Chicken Breast Cheese & Cookie 35g,https://www.woolworths.com.au/shop/productdetails/110534/primo-mini-mix-ups-paw-patrol-chicken-breast-cheese-cookie,https://www.woolworths.com.au/content/promotiontags/final_only_at_woolworths_roundel_200x200.png,https://assets.woolworths.com.au/images/1005/110534.jpg?impolicy=wowsmkqiema&w=260&h=260,$3.75,$107.14 / 1KG,,, Add to cart , Save to list 
Latina Fresh Beef Bolognese Pasta Sauce 425g,https://www.woolworths.com.au/shop/productdetails/9741/latina-fresh-beef-bolognese-pasta-sauce,,https://assets.woolworths.com.au/images/1005/9741.jpg?impolicy=wowsmkqiema&w=260&h=260,$7.00,$1.65 / 100G,,, Add to cart , Save to list 
Toscano Double Choc Mousse Twin 60g X2 Pack,https://www.woolworths.com.au/shop/productdetails/678120/toscano-double-choc-mousse-twin,,https://assets.woolworths.com.au/images/1005/678120.jpg?impolicy=wowsmkqiema&w=260&h=260,$5.50,$4.58 / 100G,,, Add to cart , Save to list 
Australia's Own A2 Full Cream Uht Milk 6 Pack,https://www.woolworths.com.au/shop/productdetails/108593/australia-s-own-a2-full-cream-uht-milk,,https://assets.woolworths.com.au/images/1005/108593.jpg?impolicy=wowsmkqiema&w=260&h=260,$5.00,$4.17 / 1L,,, Add to cart , Save to list 
Woolworths Macaroni & Cheese Chilled Meal 350g,https://www.woolworths.com.au/shop/productdetails/827222/woolworths-macaroni-cheese-chilled-meal,https://www.woolworths.com.au/content/promotiontags/roundel-buy-more-save-more-200x200.png,https://assets.woolworths.com.au/images/1005/827222.jpg?impolicy=wowsmkqiema&w=260&h=260,$7.00,$2.00 / 100G,3.4,571, Add to cart , Save to list 
Yumi's Choice Macadamia Bush Honey & Native Wattleseed Hommus 150g,https://www.woolworths.com.au/shop/productdetails/240285/yumi-s-choice-macadamia-bush-honey-native-wattleseed-hommus,,https://assets.woolworths.com.au/images/1005/240285.jpg?impolicy=wowsmkqiema&w=260&h=260,$4.50,$3.00 / 100G,,, Add to cart , Save to list 
Flora Proactiv Margarine Spread Original 500g,https://www.woolworths.com.au/shop/productdetails/140985/flora-proactiv-margarine-spread-original,https://www.woolworths.com.au/content/promotiontags/roundel-special-200x200.png,https://assets.woolworths.com.au/images/1005/140985.jpg?impolicy=wowsmkqiema&w=260&h=260,$7.50,$1.50 / 100G,,, Add to cart , Save to list 
Sunny Queen Protein Bites Parmesan & Caramelised Onion Frozen 200g,https://www.woolworths.com.au/shop/productdetails/219550/sunny-queen-protein-bites-parmesan-caramelised-onion-frozen,,https://assets.woolworths.com.au/images/1005/219550.jpg?impolicy=wowsmkqiema&w=260&h=260,$7.50,$3.75 / 100G,3.0,1, Add to cart , Save to list 
Pilpel Dip Hummous 350g,https://www.woolworths.com.au/shop/productdetails/299265/pilpel-dip-hummous,,https://assets.woolworths.com.au/images/1005/299265.jpg?impolicy=wowsmkqiema&w=260&h=260,$6.50,$1.86 / 100G,,, Add to cart , Save to list 
Woolworths Tasmanian Salmon With Rice Chilled Meal 400g,https://www.woolworths.com.au/shop/productdetails/673742/woolworths-tasmanian-salmon-with-rice-chilled-meal,,https://assets.woolworths.com.au/images/1005/673742.jpg?impolicy=wowsmkqiema&w=260&h=260,$13.00,$3.25 / 100G,3.6,182, Add to cart , Save to list 
Dairyworks Tasty Cheese & Crackers 120g,https://www.woolworths.com.au/shop/productdetails/707139/dairyworks-tasty-cheese-crackers,https://www.woolworths.com.au/content/promotiontags/roundel-special-200x200.png,https://assets.woolworths.com.au/images/1005/707139.jpg?impolicy=wowsmkqiema&w=260&h=260,$4.50,$37.50 / 1KG,,, Add to cart , Save to list 
Evia Skim Greek Yoghurt 700g,https://www.woolworths.com.au/shop/productdetails/98399/evia-skim-greek-yoghurt,,https://assets.woolworths.com.au/images/1005/98399.jpg?impolicy=wowsmkqiema&w=260&h=260,$6.50,$0.93 / 100G,,, Add to cart , Save to list 
Chobani Flip Greek Yogurt Triple Choc Brownie 140g,https://www.woolworths.com.au/shop/productdetails/267425/chobani-flip-greek-yogurt-triple-choc-brownie,,https://assets.woolworths.com.au/images/1005/267425.jpg?impolicy=wowsmkqiema&w=260&h=260,,,,,, Save to list 
Oak Chocolate Flavoured Milk 3x250ml,https://www.woolworths.com.au/shop/productdetails/878734/oak-chocolate-flavoured-milk,,https://assets.woolworths.com.au/images/1005/878734.jpg?impolicy=wowsmkqiema&w=260&h=260,$4.35,$5.80 / 1L,,, Add to cart , Save to list 
The Complete Dairy Light Milk High Protein 1l,https://www.woolworths.com.au/shop/productdetails/407550/the-complete-dairy-light-milk-high-protein,https://www.woolworths.com.au/content/promotiontags/supporting-aus-milk-roundel-200x200.png,https://assets.woolworths.com.au/images/1005/407550.jpg?impolicy=wowsmkqiema&w=260&h=260,$3.50,$3.50 / 1L,,, Add to cart , Save to list 
Tru Blu Garlic Butter 150g,https://www.woolworths.com.au/shop/productdetails/71247/tru-blu-garlic-butter,,https://assets.woolworths.com.au/images/1005/71247.jpg?impolicy=wowsmkqiema&w=260&h=260,$3.35,$2.23 / 100G,,, Add to cart , Save to list 
Grand Italian Gitf 4 Cheese Tortellini Tortellini 325g,https://www.woolworths.com.au/shop/productdetails/238297/grand-italian-gitf-4-cheese-tortellini-tortellini,,https://assets.woolworths.com.au/images/1005/238297.jpg?impolicy=wowsmkqiema&w=260&h=260,$7.00,$2.15 / 100G,,, Add to cart , Save to list 
Flora Margarine Spread Light 500g,https://www.woolworths.com.au/shop/productdetails/47649/flora-margarine-spread-light-margarine,,https://assets.woolworths.com.au/images/1005/47649.jpg?impolicy=wowsmkqiema&w=260&h=260,$5.25,$1.05 / 100G,,, Add to cart , Save to list 
Lurpak Butter Block Slightly Salted 400g,https://www.woolworths.com.au/shop/productdetails/149328/lurpak-butter-block-slightly-salted,,https://assets.woolworths.com.au/images/1005/149328.jpg?impolicy=wowsmkqiema&w=260&h=260,$7.20,$1.80 / 100G,,, Add to cart , Save to list 
Woolworths Parmesan Cheese Block 200g,https://www.woolworths.com.au/shop/productdetails/85589/woolworths-parmesan-cheese-block,,https://assets.woolworths.com.au/images/1005/85589.jpg?impolicy=wowsmkqiema&w=260&h=260,$6.80,$34.00 / 1KG,4.5,321, Add to cart , Save to list 
Woolworths Thai Green Chicken Curry With Rice Chilled Meal 350g,https://www.woolworths.com.au/shop/productdetails/504792/woolworths-thai-green-chicken-curry-with-rice-chilled-meal,https://www.woolworths.com.au/content/promotiontags/roundel-buy-more-save-more-200x200.png,https://assets.woolworths.com.au/images/1005/504792.jpg?impolicy=wowsmkqiema&w=260&h=260,$7.00,$2.00 / 100G,3.3,507, Add to cart , Save to list 
Kraft Cheddar Sandwich Slices 250g,https://www.woolworths.com.au/shop/productdetails/48115/kraft-cheddar-sandwich-slices-slices-12pk,,https://assets.woolworths.com.au/images/1005/48115.jpg?impolicy=wowsmkqiema&w=260&h=260,$5.25,$21.00 / 1KG,,, Add to cart , Save to list 
Rana Egg Lasagne Pasta 250g,https://www.woolworths.com.au/shop/productdetails/28059/rana-egg-lasagne-pasta,https://www.woolworths.com.au/content/promotiontags/roundel-special-200x200.png,https://assets.woolworths.com.au/images/1005/28059.jpg?impolicy=wowsmkqiema&w=260&h=260,$4.00,$1.60 / 100G,,, Add to cart , Save to list 
Thomas Dux Double Cream Camembert 200g,https://www.woolworths.com.au/shop/productdetails/87468/thomas-dux-double-cream-camembert,https://www.woolworths.com.au/content/promotiontags/roundel-buy-more-save-more-200x200.png,https://assets.woolworths.com.au/images/1005/87468.jpg?impolicy=wowsmkqiema&w=260&h=260,$5.50,$27.50 / 1KG,4.5,556, Add to cart , Save to list 
Woolworths Rosemary Lamb Shanks Chilled Meal 800g,https://www.woolworths.com.au/shop/productdetails/827474/woolworths-rosemary-lamb-shanks-chilled-meal,,https://assets.woolworths.com.au/images/1005/827474.jpg?impolicy=wowsmkqiema&w=260&h=260,$18.00,$2.25 / 100G,4.4,286, Add to cart , Save to list 
Dare Triple Espresso Iced Coffee 500ml,https://www.woolworths.com.au/shop/productdetails/808368/dare-triple-espresso-iced-coffee,https://www.woolworths.com.au/content/promotiontags/roundel-special-200x200.png,https://assets.woolworths.com.au/images/1005/808368.jpg?impolicy=wowsmkqiema&w=260&h=260,$3.00,$6.00 / 1L,,, Add to cart , Save to list 
Lurpak Butter Block Unsalted 400g,https://www.woolworths.com.au/shop/productdetails/150739/lurpak-butter-block-unsalted,,https://assets.woolworths.com.au/images/1005/150739.jpg?impolicy=wowsmkqiema&w=260&h=260,$7.20,$1.80 / 100G,,, Add to cart , Save to list 
Flora Margarine Spread Original 500g,https://www.woolworths.com.au/shop/productdetails/48019/flora-margarine-spread-original,,https://assets.woolworths.com.au/images/1005/48019.jpg?impolicy=wowsmkqiema&w=260&h=260,$5.25,$1.05 / 100G,,, Add to cart , Save to list 
Cocobella Coconut Yogurt Blueberry 500g,https://www.woolworths.com.au/shop/productdetails/242260/cocobella-coconut-yogurt-blueberry,,https://assets.woolworths.com.au/images/1005/242260.jpg?impolicy=wowsmkqiema&w=260&h=260,$6.00,$1.20 / 100G,,, Add to cart , Save to list 
Kiri Greek Style Spreadable Cream Cheese 200g,https://www.woolworths.com.au/shop/productdetails/666362/kiri-greek-style-spreadable-cream-cheese,,https://assets.woolworths.com.au/images/1005/666362.jpg?impolicy=wowsmkqiema&w=260&h=260,$5.60,$28.00 / 1KG,,, Add to cart , Save to list 
Devondale Shredded Colby Cheese 600g,https://www.woolworths.com.au/shop/productdetails/249281/devondale-shredded-colby-cheese,,https://assets.woolworths.com.au/images/1005/249281.jpg?impolicy=wowsmkqiema&w=260&h=260,$11.00,$18.33 / 1KG,,, Add to cart , Save to list 
Thomas Dux Aged Cheddar 24 Months 200g,https://www.woolworths.com.au/shop/productdetails/81584/thomas-dux-aged-cheddar-24-months,https://www.woolworths.com.au/content/promotiontags/roundel-buy-more-save-more-200x200.png,https://assets.woolworths.com.au/images/1005/81584.jpg?impolicy=wowsmkqiema&w=260&h=260,$5.00,$25.00 / 1KG,4.8,431, Add to cart , Save to list 
"Chris' Sundried Tomato, Cashew & Feta 170g",https://www.woolworths.com.au/shop/productdetails/177989/chris-sundried-tomato-cashew-feta,,https://assets.woolworths.com.au/images/1005/177989.jpg?impolicy=wowsmkqiema&w=260&h=260,$7.50,$4.41 / 100G,,, Add to cart , Save to list 
Laughing Cow Cheese Original Wedges 128g,https://www.woolworths.com.au/shop/productdetails/236626/laughing-cow-cheese-original-wedges,,https://assets.woolworths.com.au/images/1005/236626.jpg?impolicy=wowsmkqiema&w=260&h=260,$4.70,$36.72 / 1KG,,, Add to cart , Save to list 
Meredith Dairy Goat's Cheese Chevre Plain 80g,https://www.woolworths.com.au/shop/productdetails/668984/meredith-dairy-goat-s-cheese-chevre-plain,,https://assets.woolworths.com.au/images/1005/668984.jpg?impolicy=wowsmkqiema&w=260&h=260,$5.00,$62.50 / 1KG,,, Add to cart , Save to list 
Woolworths Garlic Bread Slices 270g,https://www.woolworths.com.au/shop/productdetails/695868/woolworths-garlic-bread-slices,,https://assets.woolworths.com.au/images/1005/695868.jpg?impolicy=wowsmkqiema&w=260&h=260,$3.60,$1.33 / 100G,3.7,666, Add to cart , Save to list 
Manning Valley 18 Large Free Range Eggs 900g,https://www.woolworths.com.au/shop/productdetails/689556/manning-valley-18-large-free-range-eggs,,https://assets.woolworths.com.au/images/1005/689556.jpg?impolicy=wowsmkqiema&w=260&h=260,,,,,, Save to list 
Latina Fresh Italian Tomato With Onion & Garlic Pasta Sauce 700g,https://www.woolworths.com.au/shop/productdetails/335531/latina-fresh-italian-tomato-with-onion-garlic-pasta-sauce,,https://assets.woolworths.com.au/images/1005/335531.jpg?impolicy=wowsmkqiema&w=260&h=260,$7.50,$1.07 / 100G,,, Add to cart , Save to list 
New South Wales Yoghurt Co. Blueberry Yoghurt 700g,https://www.woolworths.com.au/shop/productdetails/242766/new-south-wales-company-new-south-wales-yoghurt-co-blueberry-yoghurt,https://www.woolworths.com.au/content/promotiontags/roundel-special-200x200.png,https://assets.woolworths.com.au/images/1005/242766.jpg?impolicy=wowsmkqiema&w=260&h=260,$5.90,$0.84 / 100G,,, Add to cart , Save to list 
Woolworths Family Classics Cottage Pie 1.1kg,https://www.woolworths.com.au/shop/productdetails/681569/woolworths-family-classics-cottage-pie-null,,https://assets.woolworths.com.au/images/1005/681569.jpg?impolicy=wowsmkqiema&w=260&h=260,$13.50,$1.23 / 100G,3.7,386, Add to cart , Save to list 
Easiyo Natural Unsweetened Yogurt Base 140g,https://www.woolworths.com.au/shop/productdetails/67192/easiyo-natural-unsweetened-yogurt-base,,https://assets.woolworths.com.au/images/1005/67192.jpg?impolicy=wowsmkqiema&w=260&h=260,$5.70,$4.07 / 100G,,, Add to cart , Save to list 
Lemnos Smooth Fetta Reduced Fat 200g,https://www.woolworths.com.au/shop/productdetails/741717/lemnos-smooth-fetta-reduced-fat-cheese,,https://assets.woolworths.com.au/images/1005/741717.jpg?impolicy=wowsmkqiema&w=260&h=260,$6.50,$32.50 / 1KG,,, Add to cart , Save to list 
Divine Classic Creme Caramel 2x150g,https://www.woolworths.com.au/shop/productdetails/48765/divine-classic-creme-caramel,,https://assets.woolworths.com.au/images/1005/48765.jpg?impolicy=wowsmkqiema&w=260&h=260,$3.20,$1.07 / 100G,,, Add to cart , Save to list 
Grand Italian Fresh Potato Gnocchi 500g,https://www.woolworths.com.au/shop/productdetails/23782/grand-italian-fresh-potato-gnocchi,,https://assets.woolworths.com.au/images/1005/23782.jpg?impolicy=wowsmkqiema&w=260&h=260,$5.60,$1.12 / 100G,,, Add to cart , Save to list 
A2 Milk Lactose Free Full Cream Milk 2l,https://www.woolworths.com.au/shop/productdetails/239521/a2-milk-lactose-free-full-cream-milk,,https://assets.woolworths.com.au/images/1005/239521.jpg?impolicy=wowsmkqiema&w=260&h=260,$6.60,$3.30 / 1L,,, Add to cart , Save to list 
Plantry Plant Based Food Co Pad See Ew Meal 350g,https://www.woolworths.com.au/shop/productdetails/210742/plantry-plant-based-food-co-pad-see-ew-meal,,https://assets.woolworths.com.au/images/1005/210742.jpg?impolicy=wowsmkqiema&w=260&h=260,$7.50,$2.14 / 100G,,, Add to cart , Save to list 
Cheer Cheese Slices Tasty 500g,https://www.woolworths.com.au/shop/productdetails/165787/cheer-cheese-slices-tasty,,https://assets.woolworths.com.au/images/1005/165787.jpg?impolicy=wowsmkqiema&w=260&h=260,$12.50,$25.00 / 1KG,,, Add to cart , Save to list 
Woolworths Smokey Chipotle Cheddar & Tasty Cheese Shredded Blend 250g,https://www.woolworths.com.au/shop/productdetails/688517/woolworths-smokey-chipotle-cheddar-tasty-cheese-shredded-blend,,https://assets.woolworths.com.au/images/1005/688517.jpg?impolicy=wowsmkqiema&w=260&h=260,$5.80,$23.20 / 1KG,4.1,946, Add to cart , Save to list 
Moo Greek Style Yoghurt & Granola Honey 170g,https://www.woolworths.com.au/shop/productdetails/243895/moo-greek-style-yoghurt-granola-honey,https://www.woolworths.com.au/content/promotiontags/roundel-special-200x200.png,https://assets.woolworths.com.au/images/1005/243895.jpg?impolicy=wowsmkqiema&w=260&h=260,$3.00,$1.76 / 100G,,, Add to cart , Save to list 
Sunny Queen 100% Egg Whites 500g,https://www.woolworths.com.au/shop/productdetails/202911/sunny-queen-100-egg-whites,,https://assets.woolworths.com.au/images/1005/202911.jpg?impolicy=wowsmkqiema&w=260&h=260,$6.50,$1.30 / 100G,,, Add to cart , Save to list 
Alambra Cypriot Halloumi 225g,https://www.woolworths.com.au/shop/productdetails/702566/alambra-cypriot-halloumi,,https://assets.woolworths.com.au/images/1005/702566.jpg?impolicy=wowsmkqiema&w=260&h=260,$8.00,$35.56 / 1KG,,, Add to cart , Save to list 
Pura Double Cream 300ml,https://www.woolworths.com.au/shop/productdetails/49949/pura-double-cream,https://www.woolworths.com.au/content/promotiontags/roundel-special-200x200.png,https://assets.woolworths.com.au/images/1005/49949.jpg?impolicy=wowsmkqiema&w=260&h=260,$5.65,$1.88 / 100ML,,, Add to cart , Save to list 
Copha Oil Solid Cooking Block 250g,https://www.woolworths.com.au/shop/productdetails/48004/copha-oil-solid-cooking-block,,https://assets.woolworths.com.au/images/1005/48004.jpg?impolicy=wowsmkqiema&w=260&h=260,$3.00,$1.20 / 100G,,, Add to cart , Save to list 
Liddells Shredded Pizza Blend Cheese Lactose Free 225g,https://www.woolworths.com.au/shop/productdetails/23779/liddells-shredded-pizza-blend-cheese-lactose-free,,https://assets.woolworths.com.au/images/1005/23779.jpg?impolicy=wowsmkqiema&w=260&h=260,$8.30,$36.89 / 1KG,,, Add to cart , Save to list 
Mainland Organic Butter 250g,https://www.woolworths.com.au/shop/productdetails/799120/mainland-organic-butter,,https://assets.woolworths.com.au/images/1005/799120.jpg?impolicy=wowsmkqiema&w=260&h=260,$5.50,$2.20 / 100G,,, Add to cart , Save to list 
Liddells Lactose Free Cream Cheese 250g,https://www.woolworths.com.au/shop/productdetails/799693/liddells-lactose-free-cream-cheese,,https://assets.woolworths.com.au/images/1005/799693.jpg?impolicy=wowsmkqiema&w=260&h=260,$6.30,$25.20 / 1KG,,, Add to cart , Save to list 
New South Wales Yoghurt Co Apple & Cinnamon Yoghurt Tub 700g,https://www.woolworths.com.au/shop/productdetails/243334/new-south-wales-yoghurt-co-apple-cinnamon-yoghurt-tub,,https://assets.woolworths.com.au/images/1005/243334.jpg?impolicy=wowsmkqiema&w=260&h=260,,,,,, Save to list 
Woolworths Cottage Pie 350g,https://www.woolworths.com.au/shop/productdetails/693325/woolworths-cottage-pie-null,https://www.woolworths.com.au/content/promotiontags/roundel-buy-more-save-more-200x200.png,https://assets.woolworths.com.au/images/1005/693325.jpg?impolicy=wowsmkqiema&w=260&h=260,$7.00,$2.00 / 100G,3.9,571, Add to cart , Save to list 
Easiyo Low Fat Greek Style Yogurt Base 170g,https://www.woolworths.com.au/shop/productdetails/310370/easiyo-low-fat-greek-style-yogurt-base,,https://assets.woolworths.com.au/images/1005/310370.jpg?impolicy=wowsmkqiema&w=260&h=260,$5.70,$3.35 / 100G,,, Add to cart , Save to list 
Gippsland Dairy Twist Yoghurt Smooth & Creamy 700g,https://www.woolworths.com.au/shop/productdetails/275780/gippsland-dairy-twist-yoghurt-smooth-creamy,,https://assets.woolworths.com.au/images/1005/275780.jpg?impolicy=wowsmkqiema&w=260&h=260,$7.50,$1.07 / 100G,,, Add to cart , Save to list 
Oak Chocolate Milk 600ml,https://www.woolworths.com.au/shop/productdetails/48728/oak-chocolate-milk,https://www.woolworths.com.au/content/promotiontags/roundel-special-200x200.png,https://assets.woolworths.com.au/images/1005/48728.jpg?impolicy=wowsmkqiema&w=260&h=260,$2.90,$4.83 / 1L,,, Add to cart , Save to list 
South Cape Club Cheddar Trilogy - Summer Herbs Vintage Sun-dried Tomato 80g,https://www.woolworths.com.au/shop/productdetails/238583/south-cape-club-cheddar-trilogy-summer-herbs-vintage-sun-dried-tomato,https://www.woolworths.com.au/content/promotiontags/roundel-buy-more-save-more-200x200.png,https://assets.woolworths.com.au/images/1005/238583.jpg?impolicy=wowsmkqiema&w=260&h=260,$4.80,$60.00 / 1KG,,, Add to cart , Save to list 
Lurpak Lighter Blend Spreadable Butter 250g,https://www.woolworths.com.au/shop/productdetails/281853/lurpak-lighter-blend-spreadable-butter,,https://assets.woolworths.com.au/images/1005/281853.jpg?impolicy=wowsmkqiema&w=260&h=260,$5.50,$2.20 / 100G,,, Add to cart , Save to list 
Philadelphia Light Cooking Cream Tub 240ml,https://www.woolworths.com.au/shop/productdetails/255377/philadelphia-light-cooking-cream-tub,,https://assets.woolworths.com.au/images/1005/255377.jpg?impolicy=wowsmkqiema&w=260&h=260,$3.30,,,, Add to cart , Save to list 
Big M Chocolate Milk 2l,https://www.woolworths.com.au/shop/productdetails/3170/big-m-chocolate-milk,,https://assets.woolworths.com.au/images/1005/3170.jpg?impolicy=wowsmkqiema&w=260&h=260,$5.00,$2.50 / 1L,,, Add to cart , Save to list 
Mainland Organic Spreadable Butter 250g,https://www.woolworths.com.au/shop/productdetails/899791/mainland-organic-spreadable-butter,,https://assets.woolworths.com.au/images/1005/899791.jpg?impolicy=wowsmkqiema&w=260&h=260,$6.00,$2.40 / 100G,,, Add to cart , Save to list 
Pasta Master Beef Lasagne 1.3kg,https://www.woolworths.com.au/shop/productdetails/706843/pasta-master-beef-lasagne-null,,https://assets.woolworths.com.au/images/1005/706843.jpg?impolicy=wowsmkqiema&w=260&h=260,$16.50,$12.69 / 1KG,,, Add to cart , Save to list 
Della Rosa Low Carb High Protein Pizza Base 250g,https://www.woolworths.com.au/shop/productdetails/155237/della-rosa-low-carb-high-protein-pizza-base,,https://assets.woolworths.com.au/images/1005/155237.jpg?impolicy=wowsmkqiema&w=260&h=260,$4.50,$1.80 / 100G,,, Add to cart , Save to list 
Bega Strong & Bitey Cheese Slices 15 Pack 250g,https://www.woolworths.com.au/shop/productdetails/206426/bega-strong-bitey-cheese-slices,,https://assets.woolworths.com.au/images/1005/206426.jpg?impolicy=wowsmkqiema&w=260&h=260,$7.00,$28.00 / 1KG,,, Add to cart , Save to list 
Yoplait Protein Vanilla Yoghurt 2 Pack,https://www.woolworths.com.au/shop/productdetails/272312/yoplait-protein-vanilla-yoghurt,https://www.woolworths.com.au/content/promotiontags/roundel-buy-more-save-more-200x200.png,https://assets.woolworths.com.au/images/1005/272312.jpg?impolicy=wowsmkqiema&w=260&h=260,$3.60,$1.11 / 100G,,, Add to cart , Save to list 
Tasmanian Heritage Camembert Cheese 250g,https://www.woolworths.com.au/shop/productdetails/155990/tasmanian-heritage-camembert-cheese,,https://assets.woolworths.com.au/images/1005/155990.jpg?impolicy=wowsmkqiema&w=260&h=260,$14.90,$59.60 / 1KG,,, Add to cart , Save to list 
Chobani Greek Yogurt Tropical Fruit 160g,https://www.woolworths.com.au/shop/productdetails/267260/chobani-greek-yogurt-tropical-fruit,,https://assets.woolworths.com.au/images/1005/267260.jpg?impolicy=wowsmkqiema&w=260&h=260,$2.50,$1.56 / 100G,,, Add to cart , Save to list 
Kiri Cream Cheese 108g,https://www.woolworths.com.au/shop/productdetails/346535/kiri-cream-cheese,,https://assets.woolworths.com.au/images/1005/346535.jpg?impolicy=wowsmkqiema&w=260&h=260,$4.20,$38.89 / 1KG,,, Add to cart , Save to list 
Yallamundi Farm 6 Large Organic Free Range Eggs 300g,https://www.woolworths.com.au/shop/productdetails/206063/yallamundi-farm-6-large-organic-free-range-eggs,,https://assets.woolworths.com.au/images/1005/206063.jpg?impolicy=wowsmkqiema&w=260&h=260,$6.80,$2.27 / 100G,,, Add to cart , Save to list 
Meadowlea Salt Reduced Spread Salt Reduced 500g,https://www.woolworths.com.au/shop/productdetails/46069/meadowlea-salt-reduced-spread-salt-reduced,,https://assets.woolworths.com.au/images/1005/46069.jpg?impolicy=wowsmkqiema&w=260&h=260,$5.00,$1.00 / 100G,,, Add to cart , Save to list 
Ice Break Regular 2 Shot Strength Iced Coffee Milk 500ml,https://www.woolworths.com.au/shop/productdetails/86538/ice-break-regular-2-shot-strength-iced-coffee-milk,,https://assets.woolworths.com.au/images/1005/86538.jpg?impolicy=wowsmkqiema&w=260&h=260,$3.80,$7.60 / 1L,,, Add to cart , Save to list 
Norco Skim Milk 2l,https://www.woolworths.com.au/shop/productdetails/260729/norco-skim-milk,,https://assets.woolworths.com.au/images/1005/260729.jpg?impolicy=wowsmkqiema&w=260&h=260,$4.50,$2.25 / 1L,,, Add to cart , Save to list 
Woolworths Beef Lasagne 350g,https://www.woolworths.com.au/shop/productdetails/161979/woolworths-beef-lasagne-null,https://www.woolworths.com.au/content/promotiontags/roundel-buy-more-save-more-200x200.png,https://assets.woolworths.com.au/images/1005/161979.jpg?impolicy=wowsmkqiema&w=260&h=260,$7.00,$2.00 / 100G,3.5,290, Add to cart , Save to list 
Dairyworks Tasty Cheese Slices 500g,https://www.woolworths.com.au/shop/productdetails/811324/dairyworks-tasty-cheese-slices,,https://assets.woolworths.com.au/images/1005/811324.jpg?impolicy=wowsmkqiema&w=260&h=260,,,,,, Save to list 
Moo Greek Style Yoghurt & Granola Vanilla Bean 170g,https://www.woolworths.com.au/shop/productdetails/243822/moo-greek-style-yoghurt-granola-vanilla-bean,https://www.woolworths.com.au/content/promotiontags/roundel-special-200x200.png,https://assets.woolworths.com.au/images/1005/243822.jpg?impolicy=wowsmkqiema&w=260&h=260,$3.00,$1.76 / 100G,,, Add to cart , Save to list 
Riverina Dairy Cyprus Style Haloumi 180g,https://www.woolworths.com.au/shop/productdetails/756108/riverina-dairy-cyprus-style-haloumi,https://www.woolworths.com.au/content/promotiontags/aus-dairy-product-competition-2022-gold.png,https://assets.woolworths.com.au/images/1005/756108.jpg?impolicy=wowsmkqiema&w=260&h=260,$6.30,$35.00 / 1KG,,, Add to cart , Save to list 
Living Planet Uht Goats Milk 1l,https://www.woolworths.com.au/shop/productdetails/721421/living-planet-uht-goats-milk,,https://assets.woolworths.com.au/images/1005/721421.jpg?impolicy=wowsmkqiema&w=260&h=260,$4.70,$4.70 / 1L,,, Add to cart , Save to list 
Mil Lel Parmesan Cheese 250g,https://www.woolworths.com.au/shop/productdetails/29050/mil-lel-parmesan-cheese,,https://assets.woolworths.com.au/images/1005/29050.jpg?impolicy=wowsmkqiema&w=260&h=260,$10.45,$41.80 / 1KG,,, Add to cart , Save to list 
Picante Chargrilled Peppers Smoky Chipotle & Panela Cheese 170g,https://www.woolworths.com.au/shop/productdetails/114593/picante-chargrilled-peppers-smoky-chipotle-panela-cheese,,https://assets.woolworths.com.au/images/1005/114593.jpg?impolicy=wowsmkqiema&w=260&h=260,$4.50,$2.65 / 100G,,, Add to cart , Save to list 
Gippsland Dairy Twist Yoghurt Passionfruit 700g,https://www.woolworths.com.au/shop/productdetails/267305/gippsland-dairy-twist-yoghurt-passionfruit,,https://assets.woolworths.com.au/images/1005/267305.jpg?impolicy=wowsmkqiema&w=260&h=260,$7.50,$1.07 / 100G,,, Add to cart , Save to list 
Plant Asia Plant Based Roast Chicken 360g,https://www.woolworths.com.au/shop/productdetails/90352/plant-asia-plant-based-roast-chicken,,https://assets.woolworths.com.au/images/1005/90352.jpg?impolicy=wowsmkqiema&w=260&h=260,$9.00,$25.00 / 1KG,,, Add to cart , Save to list 
South Cape Greek Style Fetta 200g,https://www.woolworths.com.au/shop/productdetails/306605/south-cape-greek-style-fetta,,https://assets.woolworths.com.au/images/1005/306605.jpg?impolicy=wowsmkqiema&w=260&h=260,$6.50,$32.50 / 1KG,,, Add to cart , Save to list 
Dare Espresso Iced Coffee Iced Coffee 750ml,https://www.woolworths.com.au/shop/productdetails/255405/dare-espresso-iced-coffee-iced-coffee,,https://assets.woolworths.com.au/images/1005/255405.jpg?impolicy=wowsmkqiema&w=260&h=260,$4.90,$6.53 / 1L,,, Add to cart , Save to list 
Snowdonia Red Storm Red Leicester 150g,https://www.woolworths.com.au/shop/productdetails/24358/snowdonia-red-storm-red-leicester,https://www.woolworths.com.au/content/promotiontags/roundel-special-200x200.png,https://assets.woolworths.com.au/images/1005/24358.jpg?impolicy=wowsmkqiema&w=260&h=260,$8.50,$56.67 / 1KG,,, Add to cart , Save to list 
Babybel Mini Cheese Protein 100g,https://www.woolworths.com.au/shop/productdetails/172770/babybel-mini-cheese-protein,,https://assets.woolworths.com.au/images/1005/172770.jpg?impolicy=wowsmkqiema&w=260&h=260,$5.90,$59.00 / 1KG,,, Add to cart , Save to list 
Mainland On The Go Cheese Crackers Balsamic Beetroot Relish 110g,https://www.woolworths.com.au/shop/productdetails/23757/mainland-on-the-go-cheese-crackers-balsamic-beetroot-relish,,https://assets.woolworths.com.au/images/1005/23757.jpg?impolicy=wowsmkqiema&w=260&h=260,$5.00,$45.45 / 1KG,,, Add to cart , Save to list 
Obela Caramelised Onion Garnished Hommus 220g,https://www.woolworths.com.au/shop/productdetails/923890/obela-caramelised-onion-garnished-hommus,,https://assets.woolworths.com.au/images/1005/923890.jpg?impolicy=wowsmkqiema&w=260&h=260,$5.00,$2.27 / 100G,,, Add to cart , Save to list 
Chobani Flip Greek Yogurt Gran's Apple Crumble 140g,https://www.woolworths.com.au/shop/productdetails/267143/chobani-flip-greek-yogurt-gran-s-apple-crumble,,https://assets.woolworths.com.au/images/1005/267143.jpg?impolicy=wowsmkqiema&w=260&h=260,,,,,, Save to list 
Pauls Custard Vanilla 2kg,https://www.woolworths.com.au/shop/productdetails/28697/pauls-custard-vanilla-custard,,https://assets.woolworths.com.au/images/1005/28697.jpg?impolicy=wowsmkqiema&w=260&h=260,,,,,, Save to list 
25degrees South Baby Spinach & Victorian Fetta Ravioli 325g,https://www.woolworths.com.au/shop/productdetails/214829/25degrees-south-baby-spinach-victorian-fetta-ravioli,https://www.woolworths.com.au/content/promotiontags/roundel-special-200x200.png,https://assets.woolworths.com.au/images/1005/214829.jpg?impolicy=wowsmkqiema&w=260&h=260,$6.50,$2.00 / 100G,5.0,1, Add to cart , Save to list 
Bio Cheese Dairy Free Cheddar Block 200g,https://www.woolworths.com.au/shop/productdetails/954610/bio-cheese-dairy-free-cheddar-block,https://www.woolworths.com.au/content/promotiontags/roundel-special-200x200.png,https://assets.woolworths.com.au/images/1005/954610.jpg?impolicy=wowsmkqiema&w=260&h=260,$5.60,$28.00 / 1KG,,, Add to cart , Save to list 
Dodoni Greek Fetta Cheese 150g,https://www.woolworths.com.au/shop/productdetails/209155/dodoni-greek-fetta-cheese,https://www.woolworths.com.au/content/promotiontags/roundel-special-200x200.png,https://assets.woolworths.com.au/images/1005/209155.jpg?impolicy=wowsmkqiema&w=260&h=260,$5.50,$36.67 / 1KG,,, Add to cart , Save to list 
Woolworths Singapore Noodles Chilled Meal 350g,https://www.woolworths.com.au/shop/productdetails/810227/woolworths-singapore-noodles-chilled-meal,https://www.woolworths.com.au/content/promotiontags/roundel-buy-more-save-more-200x200.png,https://assets.woolworths.com.au/images/1005/810227.jpg?impolicy=wowsmkqiema&w=260&h=260,$7.00,$2.00 / 100G,3.4,524, Add to cart , Save to list 
Woolworths Sweet & Sour Pork Chilled Meal 350g,https://www.woolworths.com.au/shop/productdetails/811169/woolworths-sweet-sour-pork-chilled-meal,https://www.woolworths.com.au/content/promotiontags/roundel-buy-more-save-more-200x200.png,https://assets.woolworths.com.au/images/1005/811169.jpg?impolicy=wowsmkqiema&w=260&h=260,$7.00,$2.00 / 100G,3.0,368, Add to cart , Save to list 
Arnott's Jatz Cracker Biscuits & Extra Tasty Cheese 33g,https://www.woolworths.com.au/shop/productdetails/222887/arnott-s-jatz-cracker-biscuits-extra-tasty-cheese,,https://assets.woolworths.com.au/images/1005/222887.jpg?impolicy=wowsmkqiema&w=260&h=260,$3.20,$96.97 / 1KG,,, Add to cart , Save to list 
Chobani Greek Yogurt Coconut 160g,https://www.woolworths.com.au/shop/productdetails/267732/chobani-greek-yogurt-coconut,,https://assets.woolworths.com.au/images/1005/267732.jpg?impolicy=wowsmkqiema&w=260&h=260,,,,,, Save to list 
Liddells Tropical Yoghurt Pack 4x140g,https://www.woolworths.com.au/shop/productdetails/243809/liddells-tropical-yoghurt-pack,,https://assets.woolworths.com.au/images/1005/243809.jpg?impolicy=wowsmkqiema&w=260&h=260,,,,,, Save to list 
Laughing Cow Cheese Original Wedges 256g,https://www.woolworths.com.au/shop/productdetails/236831/laughing-cow-cheese-original-wedges,,https://assets.woolworths.com.au/images/1005/236831.jpg?impolicy=wowsmkqiema&w=260&h=260,$8.10,$31.64 / 1KG,,, Add to cart , Save to list 
Woolworths Danish Havarti Cheese Slices 200g,https://www.woolworths.com.au/shop/productdetails/694763/woolworths-danish-havarti-cheese-slices,,https://assets.woolworths.com.au/images/1005/694763.jpg?impolicy=wowsmkqiema&w=260&h=260,$5.00,$25.00 / 1KG,4.6,681, Add to cart , Save to list 
Dodoni Authentic Greek Feta Per Kg,https://www.woolworths.com.au/shop/productdetails/3122/dodoni-authentic-greek-feta-cheese,,https://assets.woolworths.com.au/images/1005/3122.jpg?impolicy=wowsmkqiema&w=260&h=260,$36.00,$36.00 / 1KG,,, Add to cart , Save to list 
Dodoni Cypriot Halloumi 225g,https://www.woolworths.com.au/shop/productdetails/627367/dodoni-cypriot-halloumi,https://www.woolworths.com.au/content/promotiontags/roundel-special-200x200.png,https://assets.woolworths.com.au/images/1005/627367.jpg?impolicy=wowsmkqiema&w=260&h=260,$7.50,$33.33 / 1KG,,, Add to cart , Save to list 
"Sunny Queen Mini Fritters Pumpkin, Spinach & Fetta Frozen 200g",https://www.woolworths.com.au/shop/productdetails/218751/sunny-queen-mini-fritters-pumpkin-spinach-fetta-frozen,,https://assets.woolworths.com.au/images/1005/218751.jpg?impolicy=wowsmkqiema&w=260&h=260,$7.50,$3.75 / 100G,,, Add to cart , Save to list 
Suntory Boss Coffee Iced Long Black Cans 237ml X4 Pack,https://www.woolworths.com.au/shop/productdetails/122693/suntory-boss-coffee-iced-long-black-cans,https://www.woolworths.com.au/content/promotiontags/roundel-special-200x200.png,https://assets.woolworths.com.au/images/1005/122693.jpg?impolicy=wowsmkqiema&w=260&h=260,$9.00,$9.49 / 1L,,, Add to cart , Save to list 
﻿Mainland On The Go Snack Caramelised Onion 110g,https://www.woolworths.com.au/shop/productdetails/549579/mainland-on-the-go-snack-caramelised-onion,,https://assets.woolworths.com.au/images/1005/549579.jpg?impolicy=wowsmkqiema&w=260&h=260,$5.00,$45.45 / 1KG,,, Add to cart , Save to list 
Wicked Sister High Protein Mango Pudding 170g,https://www.woolworths.com.au/shop/productdetails/276711/wicked-sister-high-protein-mango-pudding,,https://assets.woolworths.com.au/images/1005/276711.jpg?impolicy=wowsmkqiema&w=260&h=260,$2.75,$1.62 / 100G,,, Add to cart , Save to list 
Woolworths Chilli Haloumi Cheese 180g,https://www.woolworths.com.au/shop/productdetails/725007/woolworths-chilli-haloumi-cheese,,https://assets.woolworths.com.au/images/1005/725007.jpg?impolicy=wowsmkqiema&w=260&h=260,$4.80,$26.67 / 1KG,4.3,425, Add to cart , Save to list 
Maggie Beer Triple Cream Brie 200g,https://www.woolworths.com.au/shop/productdetails/691113/maggie-beer-triple-cream-brie,https://www.woolworths.com.au/content/promotiontags/roundel-special-200x200.png,https://assets.woolworths.com.au/images/1005/691113.jpg?impolicy=wowsmkqiema&w=260&h=260,$8.30,$41.50 / 1KG,,, Add to cart , Save to list 
New South Wales Yoghurt Co Honey Yoghurt Tub 700g,https://www.woolworths.com.au/shop/productdetails/243181/new-south-wales-yoghurt-co-honey-yoghurt-tub,https://www.woolworths.com.au/content/promotiontags/roundel-special-200x200.png,https://assets.woolworths.com.au/images/1005/243181.jpg?impolicy=wowsmkqiema&w=260&h=260,$5.90,$0.84 / 100G,,, Add to cart , Save to list 
Fromager D'affinois Petit D Affinois 150g,https://www.woolworths.com.au/shop/productdetails/733806/fromager-d-affinois-petit-d-affinois,,https://assets.woolworths.com.au/images/1005/733806.jpg?impolicy=wowsmkqiema&w=260&h=260,$12.60,$84.00 / 1KG,,, Add to cart , Save to list 
Jalna Lactose Free Greek Yogurt 170g,https://www.woolworths.com.au/shop/productdetails/244303/jalna-lactose-free-greek-yogurt,https://www.woolworths.com.au/content/promotiontags/roundel-special-200x200.png,https://assets.woolworths.com.au/images/1005/244303.jpg?impolicy=wowsmkqiema&w=260&h=260,$2.30,$1.35 / 100G,,, Add to cart , Save to list 
Sanitarium So Good Chilled Original Almond Milk 1l,https://www.woolworths.com.au/shop/productdetails/757132/sanitarium-so-good-chilled-original-almond-milk,https://www.woolworths.com.au/content/promotiontags/project-harvest-roundel-1-for-1-v2-200x200.png,https://assets.woolworths.com.au/images/1005/757132.jpg?impolicy=wowsmkqiema&w=260&h=260,$4.20,$4.20 / 1L,,, Add to cart , Save to list 
Chobani Greek Yogurt Very Berry 160g,https://www.woolworths.com.au/shop/productdetails/267302/chobani-greek-yogurt-very-berry,,https://assets.woolworths.com.au/images/1005/267302.jpg?impolicy=wowsmkqiema&w=260&h=260,$2.50,$1.56 / 100G,,, Add to cart , Save to list 
Thomas Dux Manchego Cheese 150g,https://www.woolworths.com.au/shop/productdetails/84976/thomas-dux-manchego-cheese,https://www.woolworths.com.au/content/promotiontags/roundel-buy-more-save-more-200x200.png,https://assets.woolworths.com.au/images/1005/84976.jpg?impolicy=wowsmkqiema&w=260&h=260,$5.50,$36.67 / 1KG,3.9,489, Add to cart , Save to list 
Tummify Original Probiotic Shot 4x100ml,https://www.woolworths.com.au/shop/productdetails/245309/tummify-original-probiotic-shot,https://www.woolworths.com.au/content/promotiontags/roundel-special-200x200.png,https://assets.woolworths.com.au/images/1005/245309.jpg?impolicy=wowsmkqiema&w=260&h=260,$5.50,$1.38 / 100ML,,, Add to cart , Save to list 
South Cape Danish Style Fetta 200g,https://www.woolworths.com.au/shop/productdetails/51344/south-cape-danish-style-fetta,,https://assets.woolworths.com.au/images/1005/51344.jpg?impolicy=wowsmkqiema&w=260&h=260,$6.50,$32.50 / 1KG,,, Add to cart , Save to list 
Wicked Sister Sundae Caramel Crunch 110g,https://www.woolworths.com.au/shop/productdetails/243868/wicked-sister-sundae-caramel-crunch,,https://assets.woolworths.com.au/images/1005/243868.jpg?impolicy=wowsmkqiema&w=260&h=260,$3.75,$3.41 / 100G,,, Add to cart , Save to list 
Thomas Dux Parmigiano Reggiano Over 12 Months 250g,https://www.woolworths.com.au/shop/productdetails/81587/thomas-dux-parmigiano-reggiano-over-12-months,,https://assets.woolworths.com.au/images/1005/81587.jpg?impolicy=wowsmkqiema&w=260&h=260,$11.40,$45.60 / 1KG,4.6,540, Add to cart , Save to list 
Yallamundi Farm Organic 12 Extra Large Free Range Eggs 700g,https://www.woolworths.com.au/shop/productdetails/140588/yallamundi-farm-organic-12-extra-large-free,,https://assets.woolworths.com.au/images/1005/140588.jpg?impolicy=wowsmkqiema&w=260&h=260,$12.50,$1.79 / 100G,,, Add to cart , Save to list 
Foster Clark's Snak Pack Strawberry Flavoured Custard Pouch 120g,https://www.woolworths.com.au/shop/productdetails/57571/foster-clark-s-snak-pack-strawberry-flavoured-custard-pouch,,https://assets.woolworths.com.au/images/1005/57571.jpg?impolicy=wowsmkqiema&w=260&h=260,$1.90,$1.58 / 100G,,, Add to cart , Save to list 
Sunny Queen Mini Fritters Corn & Zucchini Frozen 200g,https://www.woolworths.com.au/shop/productdetails/219792/sunny-queen-mini-fritters-corn-zucchini-frozen,,https://assets.woolworths.com.au/images/1005/219792.jpg?impolicy=wowsmkqiema&w=260&h=260,$7.50,$3.75 / 100G,,, Add to cart , Save to list 
Ice Break Regular 2 Shot Strength Iced Coffee Milk 750ml,https://www.woolworths.com.au/shop/productdetails/120981/ice-break-regular-2-shot-strength-iced-coffee-milk,https://www.woolworths.com.au/content/promotiontags/roundel-special-200x200.png,https://assets.woolworths.com.au/images/1005/120981.jpg?impolicy=wowsmkqiema&w=260&h=260,$3.95,$5.27 / 1L,,, Add to cart , Save to list 
Mil Lel Shaved Parmesan 170g,https://www.woolworths.com.au/shop/productdetails/98063/mil-lel-shaved-parmesan,,https://assets.woolworths.com.au/images/1005/98063.jpg?impolicy=wowsmkqiema&w=260&h=260,$6.90,$40.59 / 1KG,,, Add to cart , Save to list 
Woolworths Slow Cooked Beef Ragu Lasagne 700g,https://www.woolworths.com.au/shop/productdetails/161993/woolworths-slow-cooked-beef-ragu-lasagne-null,,https://assets.woolworths.com.au/images/1005/161993.jpg?impolicy=wowsmkqiema&w=260&h=260,$14.50,$20.71 / 1KG,4.0,308, Add to cart , Save to list 
Willow Farm Hommus Dip 1kg,https://www.woolworths.com.au/shop/productdetails/840657/willow-farm-hommus-dip,,https://assets.woolworths.com.au/images/1005/840657.jpg?impolicy=wowsmkqiema&w=260&h=260,$5.50,$0.55 / 100G,,, Add to cart , Save to list 
A2 Milk Full Cream Uht Milk 1l,https://www.woolworths.com.au/shop/productdetails/207328/a2-milk-full-cream-uht-milk,,https://assets.woolworths.com.au/images/1005/207328.jpg?impolicy=wowsmkqiema&w=260&h=260,$3.50,$3.50 / 1L,,, Add to cart , Save to list 
Picasso Kitchen Stone Baked Bbq Meat Deluxe Pizza 470g,https://www.woolworths.com.au/shop/productdetails/109475/picasso-kitchen-stone-baked-bbq-meat-deluxe-pizza,https://www.woolworths.com.au/content/promotiontags/roundel-special-200x200.png,https://assets.woolworths.com.au/images/1005/109475.jpg?impolicy=wowsmkqiema&w=260&h=260,$4.80,$1.02 / 100G,,, Add to cart , Save to list 
Bega Strong & Bitey Vintage Shredded Cheese 300g,https://www.woolworths.com.au/shop/productdetails/193851/bega-strong-bitey-vintage-shredded-cheese,,https://assets.woolworths.com.au/images/1005/193851.jpg?impolicy=wowsmkqiema&w=260&h=260,$7.00,$23.33 / 1KG,,, Add to cart , Save to list 
Pantalica Parmesan Cheese 100g,https://www.woolworths.com.au/shop/productdetails/207794/pantalica-parmesan-cheese,,https://assets.woolworths.com.au/images/1005/207794.jpg?impolicy=wowsmkqiema&w=260&h=260,$3.20,$32.00 / 1KG,,, Add to cart , Save to list 
Mainland On The Go Chilli Jam With Cheddar Slices & Crackers 110g,https://www.woolworths.com.au/shop/productdetails/94731/mainland-on-the-go-chilli-jam-with-cheddar-slices-crackers,,https://assets.woolworths.com.au/images/1005/94731.jpg?impolicy=wowsmkqiema&w=260&h=260,$5.00,$45.45 / 1KG,,, Add to cart , Save to list 
Perfect Italiano Mexican Style Cheese 450g,https://www.woolworths.com.au/shop/productdetails/176617/perfect-italiano-mexican-style-cheese,https://www.woolworths.com.au/content/promotiontags/roundel-special-200x200.png,https://assets.woolworths.com.au/images/1005/176617.jpg?impolicy=wowsmkqiema&w=260&h=260,$7.00,$15.56 / 1KG,,, Add to cart , Save to list 
La Famiglia Garlic Bread 250g,https://www.woolworths.com.au/shop/productdetails/214863/la-famiglia-garlic-bread,,https://assets.woolworths.com.au/images/1005/214863.jpg?impolicy=wowsmkqiema&w=260&h=260,,,,,, Save to list 
Lemnos Fetta Salad Cubes 150g,https://www.woolworths.com.au/shop/productdetails/255398/lemnos-fetta-salad-cubes,,https://assets.woolworths.com.au/images/1005/255398.jpg?impolicy=wowsmkqiema&w=260&h=260,$6.00,$40.00 / 1KG,,, Add to cart , Save to list 
Perfect Italiano Grated Mozzarella 150g,https://www.woolworths.com.au/shop/productdetails/66922/perfect-italiano-grated-mozzarella,,https://assets.woolworths.com.au/images/1005/66922.jpg?impolicy=wowsmkqiema&w=260&h=260,$4.00,$26.67 / 1KG,,, Add to cart , Save to list 
Red Rock Deli Classics Cheesy Spinach & Garlic Cob Dip 190g,https://www.woolworths.com.au/shop/productdetails/238729/red-rock-deli-classics-cheesy-spinach-garlic-cob-dip,https://www.woolworths.com.au/content/promotiontags/roundel-buy-more-save-more-200x200.png,https://assets.woolworths.com.au/images/1005/238729.jpg?impolicy=wowsmkqiema&w=260&h=260,$4.50,$2.37 / 100G,,, Add to cart , Save to list 
Dairyworks Tasty Block 500g,https://www.woolworths.com.au/shop/productdetails/17280/dairyworks-tasty-block,,https://assets.woolworths.com.au/images/1005/17280.jpg?impolicy=wowsmkqiema&w=260&h=260,$8.00,$16.00 / 1KG,,, Add to cart , Save to list 
Nuttelex Pulse Buttery Dairy Free Spread 375g,https://www.woolworths.com.au/shop/productdetails/222535/nuttelex-pulse-buttery-dairy-free-spread,https://www.woolworths.com.au/content/promotiontags/roundel-special-200x200.png,https://assets.woolworths.com.au/images/1005/222535.jpg?impolicy=wowsmkqiema&w=260&h=260,$3.90,$1.04 / 100G,5.0,1, Add to cart , Save to list 
Strength Meals Co High Protein Beef Fajitas With Brown Rice 350g,https://www.woolworths.com.au/shop/productdetails/215483/strength-meals-co-high-protein-beef-fajitas-with-brown-rice,https://www.woolworths.com.au/content/promotiontags/final_only_at_woolworths_roundel_200x200.png,https://assets.woolworths.com.au/images/1005/215483.jpg?impolicy=wowsmkqiema&w=260&h=260,$9.00,$2.57 / 100G,,, Add to cart , Save to list 
Woolworths Colby Cheese Block 250g,https://www.woolworths.com.au/shop/productdetails/728957/woolworths-colby-cheese-block,,https://assets.woolworths.com.au/images/1005/728957.jpg?impolicy=wowsmkqiema&w=260&h=260,$5.50,$22.00 / 1KG,4.6,551, Add to cart , Save to list 
"Macro Basil Pesto With Spinach, Kale & Cashews 180g",https://www.woolworths.com.au/shop/productdetails/137221/macro-basil-pesto-with-spinach-kale-cashews,,https://assets.woolworths.com.au/images/1005/137221.jpg?impolicy=wowsmkqiema&w=260&h=260,$4.00,$2.22 / 100G,4.4,430, Add to cart , Save to list 
Unicorn Classic Camembert Cheese 125g,https://www.woolworths.com.au/shop/productdetails/738697/unicorn-classic-camembert-cheese,https://www.woolworths.com.au/content/promotiontags/local-seals-nsw.png,https://assets.woolworths.com.au/images/1005/738697.jpg?impolicy=wowsmkqiema&w=260&h=260,$5.50,$44.00 / 1KG,,, Add to cart , Save to list 
Meredith Dairy Goats Cheese 100g,https://www.woolworths.com.au/shop/productdetails/60594/meredith-dairy-goats-cheese,,https://assets.woolworths.com.au/images/1005/60594.jpg?impolicy=wowsmkqiema&w=260&h=260,$5.00,$50.00 / 1KG,,, Add to cart , Save to list 
Nestle Skim Sweetened Condensed Milk 410g,https://www.woolworths.com.au/shop/productdetails/151067/nestle-skim-sweetened-condensed-milk,https://www.woolworths.com.au/content/promotiontags/roundel-special-200x200.png,https://assets.woolworths.com.au/images/1005/151067.jpg?impolicy=wowsmkqiema&w=260&h=260,$2.20,$0.54 / 100G,,, Add to cart , Save to list 
Gippsland Dairy Twist Yoghurt Mango & Blood Orange 700g,https://www.woolworths.com.au/shop/productdetails/267245/gippsland-dairy-twist-yoghurt-mango-blood-orange,,https://assets.woolworths.com.au/images/1005/267245.jpg?impolicy=wowsmkqiema&w=260&h=260,$7.50,$1.07 / 100G,,, Add to cart , Save to list 
Meredith Dairy Goats Cheese 550g,https://www.woolworths.com.au/shop/productdetails/663973/meredith-dairy-goats-cheese-jar,,https://assets.woolworths.com.au/images/1005/663973.jpg?impolicy=wowsmkqiema&w=260&h=260,$20.00,$36.36 / 1KG,,, Add to cart , Save to list 
Bega Original Cream Cheese Block 225g,https://www.woolworths.com.au/shop/productdetails/261000/bega-original-cream-cheese-block,https://www.woolworths.com.au/content/promotiontags/roundel-special-200x200.png,https://assets.woolworths.com.au/images/1005/261000.jpg?impolicy=wowsmkqiema&w=260&h=260,$4.00,$17.78 / 1KG,,, Add to cart , Save to list 
Norco Organic Milk 2l,https://www.woolworths.com.au/shop/productdetails/154465/norco-organic-milk,https://www.woolworths.com.au/content/promotiontags/local-seals-nsw.png,https://assets.woolworths.com.au/images/1005/154465.jpg?impolicy=wowsmkqiema&w=260&h=260,$6.00,$3.00 / 1L,,, Add to cart , Save to list 
Mainland Cheese & Lavosh Crackers Supergrains 36g,https://www.woolworths.com.au/shop/productdetails/193828/mainland-cheese-lavosh-crackers-supergrains,,https://assets.woolworths.com.au/images/1005/193828.jpg?impolicy=wowsmkqiema&w=260&h=260,$2.50,$69.44 / 1KG,,, Add to cart , Save to list 
Bega Strong & Bitey Vintage Cheese 250g,https://www.woolworths.com.au/shop/productdetails/41516/bega-strong-bitey-vintage-cheese,https://www.woolworths.com.au/content/promotiontags/local-seals-nsw.png,https://assets.woolworths.com.au/images/1005/41516.jpg?impolicy=wowsmkqiema&w=260&h=260,$7.00,$28.00 / 1KG,,, Add to cart , Save to list 
La Casa Del Formaggio Bambini Bocconcini 220g,https://www.woolworths.com.au/shop/productdetails/240822/la-casa-del-formaggio-bambini-bocconcini,,https://assets.woolworths.com.au/images/1005/240822.jpg?impolicy=wowsmkqiema&w=260&h=260,,,,,, Save to list 
Devondale Unsalted Butter 250g,https://www.woolworths.com.au/shop/productdetails/652560/devondale-unsalted-butter,,https://assets.woolworths.com.au/images/1005/652560.jpg?impolicy=wowsmkqiema&w=260&h=260,$5.30,$2.12 / 100G,,, Add to cart , Save to list 
Tasmanian Heritage Blue Cheese Snack 80g,https://www.woolworths.com.au/shop/productdetails/527178/tasmanian-heritage-blue-cheese-snack,https://www.woolworths.com.au/content/promotiontags/roundel-buy-more-save-more-200x200.png,https://assets.woolworths.com.au/images/1005/527178.jpg?impolicy=wowsmkqiema&w=260&h=260,$4.80,$60.00 / 1KG,,, Add to cart , Save to list 
Bega Lactose Free Farmers Tasty Cheese Block 250g,https://www.woolworths.com.au/shop/productdetails/193371/bega-lactose-free-farmers-tasty-cheese-block,,https://assets.woolworths.com.au/images/1005/193371.jpg?impolicy=wowsmkqiema&w=260&h=260,$7.00,$28.00 / 1KG,,, Add to cart , Save to list 
Riverina Dairy Cyprus Style Haloumi 900g,https://www.woolworths.com.au/shop/productdetails/614432/riverina-dairy-cyprus-style-haloumi,,https://assets.woolworths.com.au/images/1005/614432.jpg?impolicy=wowsmkqiema&w=260&h=260,,,,,, Save to list 
Strength Meals Co High Protein Slow Cooked Bbq Beef With Rice And Vegetables 350g,https://www.woolworths.com.au/shop/productdetails/238198/strength-meals-co-high-protein-slow-cooked-bbq-beef-with-rice-and-vegetables,https://www.woolworths.com.au/content/promotiontags/final_only_at_woolworths_roundel_200x200.png,https://assets.woolworths.com.au/images/1005/238198.jpg?impolicy=wowsmkqiema&w=260&h=260,$9.00,$2.57 / 100G,,, Add to cart , Save to list 
Yarra Valley Cheese Marinated Persian Fetta 350g,https://www.woolworths.com.au/shop/productdetails/640123/yarra-valley-cheese-marinated-persian-fetta,https://www.woolworths.com.au/content/promotiontags/roundel-special-200x200.png,https://assets.woolworths.com.au/images/1005/640123.jpg?impolicy=wowsmkqiema&w=260&h=260,$9.90,$28.29 / 1KG,,, Add to cart , Save to list 
Strength Meals Co High Protein Cajun Chicken 350g,https://www.woolworths.com.au/shop/productdetails/214085/strength-meals-co-high-protein-cajun-chicken,https://www.woolworths.com.au/content/promotiontags/final_only_at_woolworths_roundel_200x200.png,https://assets.woolworths.com.au/images/1005/214085.jpg?impolicy=wowsmkqiema&w=260&h=260,$9.00,$2.57 / 100G,,, Add to cart , Save to list 
La Famiglia Cheesy Garlic Bread 460g,https://www.woolworths.com.au/shop/productdetails/237527/cheesy-garlic-bread,https://www.woolworths.com.au/content/promotiontags/roundel-special-200x200.png,https://assets.woolworths.com.au/images/1005/237527.jpg?impolicy=wowsmkqiema&w=260&h=260,$5.20,$1.13 / 100G,,, Add to cart , Save to list 
Bega Light Tasty 50% Less Fat Cheese 500g,https://www.woolworths.com.au/shop/productdetails/182060/bega-light-tasty-50-less-fat-cheese,,https://assets.woolworths.com.au/images/1005/182060.jpg?impolicy=wowsmkqiema&w=260&h=260,$9.50,$19.00 / 1KG,,, Add to cart , Save to list 
Liddells Lactose Free Colby Cheese Slices 250g,https://www.woolworths.com.au/shop/productdetails/776469/liddells-lactose-free-colby-cheese-slices,,https://assets.woolworths.com.au/images/1005/776469.jpg?impolicy=wowsmkqiema&w=260&h=260,$8.30,$33.20 / 1KG,,, Add to cart , Save to list 
Philadelphia Light Cream Cheese Block 250g,https://www.woolworths.com.au/shop/productdetails/98070/philadelphia-light-cream-cheese-block,,https://assets.woolworths.com.au/images/1005/98070.jpg?impolicy=wowsmkqiema&w=260&h=260,$5.70,$22.80 / 1KG,,, Add to cart , Save to list 
Philadelphia Lactose Free Cream Cheese Block 250g,https://www.woolworths.com.au/shop/productdetails/66992/philadelphia-lactose-free-cream-cheese-block,,https://assets.woolworths.com.au/images/1005/66992.jpg?impolicy=wowsmkqiema&w=260&h=260,$5.70,$22.80 / 1KG,,, Add to cart , Save to list 
Dairy Farmers Thickened Cream 300ml,https://www.woolworths.com.au/shop/productdetails/94712/dairy-farmers-thickened-cream,,https://assets.woolworths.com.au/images/1005/94712.jpg?impolicy=wowsmkqiema&w=260&h=260,$3.00,$1.00 / 100ML,,, Add to cart , Save to list 
South Cape Apricot & Almond Cream Cheese 200g,https://www.woolworths.com.au/shop/productdetails/312793/south-cape-apricot-almond-cream-cheese,,https://assets.woolworths.com.au/images/1005/312793.jpg?impolicy=wowsmkqiema&w=260&h=260,$6.50,$32.50 / 1KG,,, Add to cart , Save to list 
Thomas Dux Persian Fetta Cheese 180g,https://www.woolworths.com.au/shop/productdetails/94989/thomas-dux-persian-fetta-cheese,https://www.woolworths.com.au/content/promotiontags/roundel-buy-more-save-more-200x200.png,https://assets.woolworths.com.au/images/1005/94989.jpg?impolicy=wowsmkqiema&w=260&h=260,$4.40,$24.44 / 1KG,4.4,519, Add to cart , Save to list 
Moo Greek Style Yoghurt & Granola Strawberry 170g,https://www.woolworths.com.au/shop/productdetails/243852/moo-greek-style-yoghurt-granola-strawberry,https://www.woolworths.com.au/content/promotiontags/roundel-special-200x200.png,https://assets.woolworths.com.au/images/1005/243852.jpg?impolicy=wowsmkqiema&w=260&h=260,$3.00,$1.76 / 100G,,, Add to cart , Save to list 
Suntory Boss Coffee Iced Vanilla Latte Cans 237ml X4 Pack,https://www.woolworths.com.au/shop/productdetails/222977/suntory-boss-coffee-iced-vanilla-latte-cans,https://www.woolworths.com.au/content/promotiontags/roundel-special-200x200.png,https://assets.woolworths.com.au/images/1005/222977.jpg?impolicy=wowsmkqiema&w=260&h=260,$9.00,$9.49 / 1L,,, Add to cart , Save to list 
Woolworths Chicken Tikka Masala With Rice Chilled Meal 350g,https://www.woolworths.com.au/shop/productdetails/830498/woolworths-chicken-tikka-masala-with-rice-chilled-meal,https://www.woolworths.com.au/content/promotiontags/roundel-buy-more-save-more-200x200.png,https://assets.woolworths.com.au/images/1005/830498.jpg?impolicy=wowsmkqiema&w=260&h=260,$7.00,$2.00 / 100G,3.6,506, Add to cart , Save to list 
"Mainland Cheese & Lavosh Crackers Mixed Berry, Poppy Seed & Pepita 36g",https://www.woolworths.com.au/shop/productdetails/193827/mainland-cheese-lavosh-crackers-mixed-berry-poppy-seed-pepita,,https://assets.woolworths.com.au/images/1005/193827.jpg?impolicy=wowsmkqiema&w=260&h=260,$2.50,$69.44 / 1KG,,, Add to cart , Save to list 
Obela Hommus Pistachio Lemon Dukkah 220g,https://www.woolworths.com.au/shop/productdetails/111127/obela-hommus-pistachio-lemon-dukkah,,https://assets.woolworths.com.au/images/1005/111127.jpg?impolicy=wowsmkqiema&w=260&h=260,$5.00,$2.27 / 100G,,, Add to cart , Save to list 
Vegie Delights Chicken Style Sausages Meat Free 300g,https://www.woolworths.com.au/shop/productdetails/238743/vegie-delights-chicken-style-sausages-meat-free,https://www.woolworths.com.au/content/promotiontags/project-harvest-roundel-1-for-1-v2-200x200.png,https://assets.woolworths.com.au/images/1005/238743.jpg?impolicy=wowsmkqiema&w=260&h=260,$7.00,$23.33 / 1KG,,, Add to cart , Save to list 
Unicorn Lactose Free Camembert 125g,https://www.woolworths.com.au/shop/productdetails/27946/unicorn-lactose-free-camembert,https://www.woolworths.com.au/content/promotiontags/roundel-special-200x200.png,https://assets.woolworths.com.au/images/1005/27946.jpg?impolicy=wowsmkqiema&w=260&h=260,$5.20,$41.60 / 1KG,,, Add to cart , Save to list 
"Woolworths Extra Tasty Cheese, Garlic Olives & Artisan Crackers 60g",https://www.woolworths.com.au/shop/productdetails/85681/woolworths-extra-tasty-cheese-garlic-olives-artisan-crackers,,https://assets.woolworths.com.au/images/1005/85681.jpg?impolicy=wowsmkqiema&w=260&h=260,$3.30,$55.00 / 1KG,4.2,441, Add to cart , Save to list 
Pauls Bluey Chocolate Milk 250ml,https://www.woolworths.com.au/shop/productdetails/156078/pauls-bluey-chocolate-milk,,https://assets.woolworths.com.au/images/1005/156078.jpg?impolicy=wowsmkqiema&w=260&h=260,$2.25,$9.00 / 1L,,, Add to cart , Save to list 
Ki Bulgarian Sheep Cheese 400g,https://www.woolworths.com.au/shop/productdetails/71183/ki-bulgarian-sheep-cheese,,https://assets.woolworths.com.au/images/1005/71183.jpg?impolicy=wowsmkqiema&w=260&h=260,$11.50,$28.75 / 1KG,,, Add to cart , Save to list 
La Famiglia Pane Di Casa Garlic Bread Just For 2 190g,https://www.woolworths.com.au/shop/productdetails/83596/la-famiglia-pane-di-casa-garlic-bread-just-for-2,,https://assets.woolworths.com.au/images/1005/83596.jpg?impolicy=wowsmkqiema&w=260&h=260,$4.00,$2.11 / 100G,,, Add to cart , Save to list 
Picasso Kitchen Stone Baked Super Supreme Pizza 470g,https://www.woolworths.com.au/shop/productdetails/108440/picasso-kitchen-stone-baked-super-supreme-pizza,https://www.woolworths.com.au/content/promotiontags/roundel-special-200x200.png,https://assets.woolworths.com.au/images/1005/108440.jpg?impolicy=wowsmkqiema&w=260&h=260,$4.80,$1.02 / 100G,,, Add to cart , Save to list 
Farmers Union Iced Coffee 600ml,https://www.woolworths.com.au/shop/productdetails/27790/farmers-union-iced-coffee,,https://assets.woolworths.com.au/images/1005/27790.jpg?impolicy=wowsmkqiema&w=260&h=260,$3.40,$5.67 / 1L,,, Add to cart , Save to list 
Tummify Kids Probiotic Shot Vanilla Probiotic Shot 4x100ml,https://www.woolworths.com.au/shop/productdetails/246001/tummify-kids-probiotic-shot-vanilla-probiotic-shot,https://www.woolworths.com.au/content/promotiontags/roundel-special-200x200.png,https://assets.woolworths.com.au/images/1005/246001.jpg?impolicy=wowsmkqiema&w=260&h=260,$5.50,$1.38 / 100ML,,, Add to cart , Save to list 
Pauls Custard Vanilla 600g,https://www.woolworths.com.au/shop/productdetails/47026/pauls-custard-vanilla-custard,,https://assets.woolworths.com.au/images/1005/47026.jpg?impolicy=wowsmkqiema&w=260&h=260,$4.30,$0.72 / 100G,,, Add to cart , Save to list 
Woolworths Sweet Potato Mash 475g,https://www.woolworths.com.au/shop/productdetails/674323/woolworths-sweet-potato-mash-null,,https://assets.woolworths.com.au/images/1005/674323.jpg?impolicy=wowsmkqiema&w=260&h=260,$6.75,$1.42 / 100G,3.9,148, Add to cart , Save to list 
Latina Fresh Pasta Sauce Creamy Carbonara 700g,https://www.woolworths.com.au/shop/productdetails/145564/latina-fresh-pasta-sauce-creamy-carbonara,,https://assets.woolworths.com.au/images/1005/145564.jpg?impolicy=wowsmkqiema&w=260&h=260,$7.50,$1.07 / 100G,,, Add to cart , Save to list 
Nestle Reduced Fat Uht Cream 230ml,https://www.woolworths.com.au/shop/productdetails/151706/nestle-reduced-fat-uht-cream,,https://assets.woolworths.com.au/images/1005/151706.jpg?impolicy=wowsmkqiema&w=260&h=260,$4.00,$17.39 / 1L,,, Add to cart , Save to list 
Bertolli Classic Olive Oil Spread Margarine Classic 500g,https://www.woolworths.com.au/shop/productdetails/341120/bertolli-classic-olive-oil-spread-margarine-classic,,https://assets.woolworths.com.au/images/1005/341120.jpg?impolicy=wowsmkqiema&w=260&h=260,$5.50,$1.10 / 100G,,, Add to cart , Save to list 
Babushka's Powerful Probiotic Kefir Organic Natural Yoghurt 750g,https://www.woolworths.com.au/shop/productdetails/244287/babushka-s-powerful-probiotic-kefir-organic-natural-yoghurt,,https://assets.woolworths.com.au/images/1005/244287.jpg?impolicy=wowsmkqiema&w=260&h=260,$5.90,$0.79 / 100G,,, Add to cart , Save to list 
Kenilworth Rich Chocolate Mousse 170g,https://www.woolworths.com.au/shop/productdetails/63804/kenilworth-rich-chocolate-mousse,,https://assets.woolworths.com.au/images/1005/63804.jpg?impolicy=wowsmkqiema&w=260&h=260,$3.80,$2.24 / 100G,,, Add to cart , Save to list 
Strength Meals Co Bbq Chicken & Rice With Roasted Vegetables 350g,https://www.woolworths.com.au/shop/productdetails/238625/strength-meals-co-bbq-chicken-rice-with-roasted-vegetables,https://www.woolworths.com.au/content/promotiontags/final_only_at_woolworths_roundel_200x200.png,https://assets.woolworths.com.au/images/1005/238625.jpg?impolicy=wowsmkqiema&w=260&h=260,$9.00,$2.57 / 100G,,, Add to cart , Save to list 
Gippsland Dairy Twist Yoghurt Blueberry 700g,https://www.woolworths.com.au/shop/productdetails/266707/gippsland-dairy-twist-yoghurt-blueberry,,https://assets.woolworths.com.au/images/1005/266707.jpg?impolicy=wowsmkqiema&w=260&h=260,$7.50,$1.07 / 100G,,, Add to cart , Save to list 
Meredith Dairy Plain Goats Cheese 150g,https://www.woolworths.com.au/shop/productdetails/316043/meredith-dairy-plain-goats-cheese,,https://assets.woolworths.com.au/images/1005/316043.jpg?impolicy=wowsmkqiema&w=260&h=260,$9.00,$60.00 / 1KG,,, Add to cart , Save to list 
Open Range 12 Large Free Range Eggs 700g,https://www.woolworths.com.au/shop/productdetails/117784/open-range-12-large-free-range-eggs,,https://assets.woolworths.com.au/images/1005/117784.jpg?impolicy=wowsmkqiema&w=260&h=260,$5.90,$0.84 / 100G,,, Add to cart , Save to list 
Woolworths Creamy Spinach & Ricotta Cannelloni Chilled Meal 350g,https://www.woolworths.com.au/shop/productdetails/134198/woolworths-creamy-spinach-ricotta-cannelloni-chilled-meal,,https://assets.woolworths.com.au/images/1005/134198.jpg?impolicy=wowsmkqiema&w=260&h=260,$10.00,$2.86 / 100G,3.8,690, Add to cart , Save to list 
Bega Cheese So Light Grated 500g,https://www.woolworths.com.au/shop/productdetails/769526/bega-cheese-so-light-grated,,https://assets.woolworths.com.au/images/1005/769526.jpg?impolicy=wowsmkqiema&w=260&h=260,$9.50,$19.00 / 1KG,,, Add to cart , Save to list 
Jalna Light Greek Yoghurt 1kg,https://www.woolworths.com.au/shop/productdetails/243786/jalna-light-greek-yoghurt,https://www.woolworths.com.au/content/promotiontags/roundel-special-200x200.png,https://assets.woolworths.com.au/images/1005/243786.jpg?impolicy=wowsmkqiema&w=260&h=260,$6.50,$0.65 / 100G,,, Add to cart , Save to list 
Pauls Bluey Strawberry Milk 250ml,https://www.woolworths.com.au/shop/productdetails/155910/pauls-bluey-strawberry-milk,,https://assets.woolworths.com.au/images/1005/155910.jpg?impolicy=wowsmkqiema&w=260&h=260,$2.25,$9.00 / 1L,,, Add to cart , Save to list 
Bega Original Cream Cheese Spreadable 225g,https://www.woolworths.com.au/shop/productdetails/263082/bega-original-cream-cheese-spreadable,,https://assets.woolworths.com.au/images/1005/263082.jpg?impolicy=wowsmkqiema&w=260&h=260,$5.00,$22.22 / 1KG,,, Add to cart , Save to list 
Picasso Kitchen Stone Baked Double Pepperoni Pizza 470g,https://www.woolworths.com.au/shop/productdetails/109206/picasso-kitchen-stone-baked-double-pepperoni-pizza,https://www.woolworths.com.au/content/promotiontags/roundel-special-200x200.png,https://assets.woolworths.com.au/images/1005/109206.jpg?impolicy=wowsmkqiema&w=260&h=260,$4.80,$1.02 / 100G,,, Add to cart , Save to list 
La Famiglia Garlic Bread Entertainer Slices 450g,https://www.woolworths.com.au/shop/productdetails/294516/la-famiglia-garlic-bread-entertainer-slices,,https://assets.woolworths.com.au/images/1005/294516.jpg?impolicy=wowsmkqiema&w=260&h=260,$7.00,$1.56 / 100G,,, Add to cart , Save to list 
Obela Hommus To Go Sweet Beetroot 3 Pack,https://www.woolworths.com.au/shop/productdetails/207737/obela-hommus-to-go-sweet-beetroot,https://www.woolworths.com.au/content/promotiontags/roundel-buy-more-save-more-200x200.png,https://assets.woolworths.com.au/images/1005/207737.jpg?impolicy=wowsmkqiema&w=260&h=260,$4.00,$2.22 / 100G,,, Add to cart , Save to list 
Sunny Queen 12 Extra Large Foodbank Free Range Eggs 700g,https://www.woolworths.com.au/shop/productdetails/229838/sunny-queen-12-extra-large-foodbank-free-range-eggs,,https://assets.woolworths.com.au/images/1005/229838.jpg?impolicy=wowsmkqiema&w=260&h=260,$6.75,$0.96 / 100G,,, Add to cart , Save to list 
Woolworths Garlic Loaf 400g,https://www.woolworths.com.au/shop/productdetails/638248/woolworths-garlic-loaf,,https://assets.woolworths.com.au/images/1005/638248.jpg?impolicy=wowsmkqiema&w=260&h=260,$3.40,$0.85 / 100G,3.8,797, Add to cart , Save to list 
South Cape Crumbled Fetta 200g,https://www.woolworths.com.au/shop/productdetails/221562/south-cape-crumbled-fetta,,https://assets.woolworths.com.au/images/1005/221562.jpg?impolicy=wowsmkqiema&w=260&h=260,$8.00,$40.00 / 1KG,,, Add to cart , Save to list 
Five:am Organic Yoghurt Vanilla Bean 1kg,https://www.woolworths.com.au/shop/productdetails/271778/five-am-organic-yoghurt-vanilla-bean,,https://assets.woolworths.com.au/images/1005/271778.jpg?impolicy=wowsmkqiema&w=260&h=260,$9.50,$0.95 / 100G,,, Add to cart , Save to list 
Thomas Dux English Red Leicester 200g,https://www.woolworths.com.au/shop/productdetails/81582/thomas-dux-english-red-leicester,https://www.woolworths.com.au/content/promotiontags/roundel-buy-more-save-more-200x200.png,https://assets.woolworths.com.au/images/1005/81582.jpg?impolicy=wowsmkqiema&w=260&h=260,$5.00,$25.00 / 1KG,4.5,921, Add to cart , Save to list 
Fairy Cooking Margarine 250g,https://www.woolworths.com.au/shop/productdetails/48007/fairy-cooking-margarine,,https://assets.woolworths.com.au/images/1005/48007.jpg?impolicy=wowsmkqiema&w=260&h=260,$2.60,$1.04 / 100G,,, Add to cart , Save to list 
Cocobella Yoghurt Pouch Vanilla 110g,https://www.woolworths.com.au/shop/productdetails/275021/cocobella-yoghurt-pouch-vanilla,,https://assets.woolworths.com.au/images/1005/275021.jpg?impolicy=wowsmkqiema&w=260&h=260,$2.00,$1.82 / 100G,,, Add to cart , Save to list 
Liddells Tasty Cheese Slices 250g,https://www.woolworths.com.au/shop/productdetails/97557/liddells-tasty-cheese-slices,,https://assets.woolworths.com.au/images/1005/97557.jpg?impolicy=wowsmkqiema&w=260&h=260,$8.30,$33.20 / 1KG,,, Add to cart , Save to list 
Grand Italian Tuscans Finest Slow Cooked Angus Beef Ravioli 325g,https://www.woolworths.com.au/shop/productdetails/238393/grand-italian-tuscans-finest-slow-cooked-angus-beef-ravioli,,https://assets.woolworths.com.au/images/1005/238393.jpg?impolicy=wowsmkqiema&w=260&h=260,$7.00,$2.15 / 100G,,, Add to cart , Save to list 
Sunfed Boar Free Bacon Premium 120g,https://www.woolworths.com.au/shop/productdetails/94130/sunfed-boar-free-bacon-premium,,https://assets.woolworths.com.au/images/1005/94130.jpg?impolicy=wowsmkqiema&w=260&h=260,$6.50,$54.17 / 1KG,,, Add to cart , Save to list 
Woolworths Dollop Cream 300ml,https://www.woolworths.com.au/shop/productdetails/149214/woolworths-dollop-cream,,https://assets.woolworths.com.au/images/1005/149214.jpg?impolicy=wowsmkqiema&w=260&h=260,$4.60,$1.53 / 100ML,4.7,1176, Add to cart , Save to list 
Mifroma Le Gruyere 150g,https://www.woolworths.com.au/shop/productdetails/97912/mifroma-le-gruyere,https://www.woolworths.com.au/content/promotiontags/roundel-special-200x200.png,https://assets.woolworths.com.au/images/1005/97912.jpg?impolicy=wowsmkqiema&w=260&h=260,$7.00,$46.67 / 1KG,,, Add to cart , Save to list 
Lemnos Fetta Traditional 400g,https://www.woolworths.com.au/shop/productdetails/224602/lemnos-fetta-traditional,,https://assets.woolworths.com.au/images/1005/224602.jpg?impolicy=wowsmkqiema&w=260&h=260,$11.00,$27.50 / 1KG,,, Add to cart , Save to list 
Lemnos Haloumi Salt Reduced 180g,https://www.woolworths.com.au/shop/productdetails/726230/lemnos-haloumi-salt-reduced,,https://assets.woolworths.com.au/images/1005/726230.jpg?impolicy=wowsmkqiema&w=260&h=260,$7.00,$38.89 / 1KG,,, Add to cart , Save to list 
Sa Gourmet Food Co Strawberry Custard 120g,https://www.woolworths.com.au/shop/productdetails/116561/sa-gourmet-food-co-strawberry-custard,,https://assets.woolworths.com.au/images/1005/116561.jpg?impolicy=wowsmkqiema&w=260&h=260,$1.70,$1.42 / 100G,,, Add to cart , Save to list 
Obela Sweet Beetroot Garnished Hommus 220g,https://www.woolworths.com.au/shop/productdetails/923888/obela-sweet-beetroot-garnished-hommus,,https://assets.woolworths.com.au/images/1005/923888.jpg?impolicy=wowsmkqiema&w=260&h=260,$5.00,$2.27 / 100G,,, Add to cart , Save to list 
Pauls Double Thick Custard Rich Chocolate 900g,https://www.woolworths.com.au/shop/productdetails/344082/pauls-double-thick-custard-rich-chocolate,,https://assets.woolworths.com.au/images/1005/344082.jpg?impolicy=wowsmkqiema&w=260&h=260,$6.80,$0.76 / 100G,,, Add to cart , Save to list 
Tasmanian Heritage Double Brie Cheese Snack 80g,https://www.woolworths.com.au/shop/productdetails/527179/tasmanian-heritage-double-brie-cheese-snack,https://www.woolworths.com.au/content/promotiontags/roundel-buy-more-save-more-200x200.png,https://assets.woolworths.com.au/images/1005/527179.jpg?impolicy=wowsmkqiema&w=260&h=260,$4.80,$60.00 / 1KG,,, Add to cart , Save to list 
Dare No Added Sugar Triple Espresso Iced Coffee 500ml,https://www.woolworths.com.au/shop/productdetails/212055/dare-no-added-sugar-triple-espresso-iced-coffee,https://www.woolworths.com.au/content/promotiontags/roundel-special-200x200.png,https://assets.woolworths.com.au/images/1005/212055.jpg?impolicy=wowsmkqiema&w=260&h=260,$3.00,$6.00 / 1L,,, Add to cart , Save to list 
Fancy Plants Plant Based Vanilla Rice Pudding 110gx 2pack,https://www.woolworths.com.au/shop/productdetails/170008/fancy-plants-plant-based-vanilla-rice-pudding,,https://assets.woolworths.com.au/images/1005/170008.jpg?impolicy=wowsmkqiema&w=260&h=260,$4.40,$2.00 / 100G,,, Add to cart , Save to list 
Flora Proactiv Light Margarine 750g,https://www.woolworths.com.au/shop/productdetails/768519/flora-proactiv-light-margarine,,https://assets.woolworths.com.au/images/1005/768519.jpg?impolicy=wowsmkqiema&w=260&h=260,$12.00,$1.60 / 100G,,, Add to cart , Save to list 
Leggos Fresh Creamy Tomato Sauce 250g,https://www.woolworths.com.au/shop/productdetails/618613/leggos-fresh-creamy-tomato-sauce,,https://assets.woolworths.com.au/images/1005/618613.jpg?impolicy=wowsmkqiema&w=260&h=260,$4.50,$1.80 / 100G,,, Add to cart , Save to list 
Woolworths 18 Large Cage Free Eggs 900g,https://www.woolworths.com.au/shop/productdetails/74593/woolworths-18-large-cage-free-eggs,,https://assets.woolworths.com.au/images/1005/74593.jpg?impolicy=wowsmkqiema&w=260&h=260,$6.70,$0.74 / 100G,,, Add to cart , Save to list 
Latina Fresh Gluten Free Beef Ravioli 280g,https://www.woolworths.com.au/shop/productdetails/845631/latina-fresh-gluten-free-beef-ravioli,,https://assets.woolworths.com.au/images/1005/845631.jpg?impolicy=wowsmkqiema&w=260&h=260,$7.20,$2.57 / 100G,,, Add to cart , Save to list 
Gold'n Canola Margarine 500g,https://www.woolworths.com.au/shop/productdetails/3878/gold-n-canola-margarine,,https://assets.woolworths.com.au/images/1005/3878.jpg?impolicy=wowsmkqiema&w=260&h=260,$4.50,$0.90 / 100G,,, Add to cart , Save to list 
Latina Fresh Beef Lasagne 350g,https://www.woolworths.com.au/shop/productdetails/426358/latina-fresh-beef-lasagne-null,https://www.woolworths.com.au/content/promotiontags/final_only_at_woolworths_roundel_200x200.png,https://assets.woolworths.com.au/images/1005/426358.jpg?impolicy=wowsmkqiema&w=260&h=260,$7.50,$2.14 / 100G,,, Add to cart , Save to list 
Unicorn Classic Double Brie Cheese 125g,https://www.woolworths.com.au/shop/productdetails/370487/unicorn-classic-double-brie-cheese,https://www.woolworths.com.au/content/promotiontags/local-seals-nsw.png,https://assets.woolworths.com.au/images/1005/370487.jpg?impolicy=wowsmkqiema&w=260&h=260,$5.50,$44.00 / 1KG,,, Add to cart , Save to list 
Woolworths Quiche Lorraine Chilled Meal 700g,https://www.woolworths.com.au/shop/productdetails/767976/woolworths-quiche-lorraine-chilled-meal,,https://assets.woolworths.com.au/images/1005/767976.jpg?impolicy=wowsmkqiema&w=260&h=260,$14.00,$2.00 / 100G,4.0,3, Add to cart , Save to list 
La Casa Cherry Bocconcini 220g,https://www.woolworths.com.au/shop/productdetails/757527/la-casa-cherry-bocconcini,,https://assets.woolworths.com.au/images/1005/757527.jpg?impolicy=wowsmkqiema&w=260&h=260,$6.00,$27.27 / 1KG,,, Add to cart , Save to list 
Made With Plants Cheddar Slices Dairy Free 200g,https://www.woolworths.com.au/shop/productdetails/118214/made-with-plants-cheddar-slices-dairy-free,https://www.woolworths.com.au/content/promotiontags/roundel-special-200x200.png,https://assets.woolworths.com.au/images/1005/118214.jpg?impolicy=wowsmkqiema&w=260&h=260,$4.80,$24.00 / 1KG,,, Add to cart , Save to list 
Yoplait Lactose Free Vanilla Yoghurt 6 Pack,https://www.woolworths.com.au/shop/productdetails/270310/yoplait-lactose-free-vanilla-yoghurt,https://www.woolworths.com.au/content/promotiontags/roundel-special-200x200.png,https://assets.woolworths.com.au/images/1005/270310.jpg?impolicy=wowsmkqiema&w=260&h=260,$4.80,$0.50 / 100G,,, Add to cart , Save to list 
Chobani No Sugar Added Greek Yogurt Mixed Berry 150g,https://www.woolworths.com.au/shop/productdetails/272090/chobani-no-sugar-added-greek-yogurt-mixed-berry,,https://assets.woolworths.com.au/images/1005/272090.jpg?impolicy=wowsmkqiema&w=260&h=260,$2.50,$1.67 / 100G,,, Add to cart , Save to list 
Bulla Light Thickened Cream 300ml,https://www.woolworths.com.au/shop/productdetails/37325/bulla-light-thickened-cream,,https://assets.woolworths.com.au/images/1005/37325.jpg?impolicy=wowsmkqiema&w=260&h=260,$3.50,$1.17 / 100ML,,, Add to cart , Save to list 
La Casa Del Formaggio Mozzarella Ball 450g,https://www.woolworths.com.au/shop/productdetails/251571/la-casa-del-formaggio-mozzarella-ball,,https://assets.woolworths.com.au/images/1005/251571.jpg?impolicy=wowsmkqiema&w=260&h=260,,,,,, Save to list 
Primo Lunch Breaks Mild Hun Salami Cheese Crackers & Bbq Relish 110g,https://www.woolworths.com.au/shop/productdetails/257928/primo-lunch-breaks-mild-hun-salami-cheese-crackers-bbq-relish,,https://assets.woolworths.com.au/images/1005/257928.jpg?impolicy=wowsmkqiema&w=260&h=260,$6.90,$62.73 / 1KG,,, Add to cart , Save to list 
Cocobella Yoghurt Pouch Strawberry 110g,https://www.woolworths.com.au/shop/productdetails/277286/cocobella-yoghurt-pouch-strawberry,,https://assets.woolworths.com.au/images/1005/277286.jpg?impolicy=wowsmkqiema&w=260&h=260,$2.00,$1.82 / 100G,,, Add to cart , Save to list 
Nutty Bruce Organic Almond Coconut Plant Milk 1l,https://www.woolworths.com.au/shop/productdetails/408033/nutty-bruce-organic-almond-coconut-plant-milk,,https://assets.woolworths.com.au/images/1005/408033.jpg?impolicy=wowsmkqiema&w=260&h=260,$6.00,$6.00 / 1L,,, Add to cart , Save to list 
Puregg Free Range Liquid Egg White 500g,https://www.woolworths.com.au/shop/productdetails/54278/puregg-free-range-liquid-egg-white,,https://assets.woolworths.com.au/images/1005/54278.jpg?impolicy=wowsmkqiema&w=260&h=260,$8.50,$1.70 / 100G,,, Add to cart , Save to list 
Cracker Barrel Block Special Reserve 250g,https://www.woolworths.com.au/shop/productdetails/139943/cracker-barrel-block-special-reserve,,https://assets.woolworths.com.au/images/1005/139943.jpg?impolicy=wowsmkqiema&w=260&h=260,$9.20,$36.80 / 1KG,,, Add to cart , Save to list 
Puregg Simply Egg Whites 500g,https://www.woolworths.com.au/shop/productdetails/715111/puregg-simply-egg-whites,,https://assets.woolworths.com.au/images/1005/715111.jpg?impolicy=wowsmkqiema&w=260&h=260,,,,,, Save to list 
Oak Strawberry Flavoured Milk (3x250ml) 750ml,https://www.woolworths.com.au/shop/productdetails/878752/oak-strawberry-flavoured-milk-3x250ml-,,https://assets.woolworths.com.au/images/1005/878752.jpg?impolicy=wowsmkqiema&w=260&h=260,$4.35,$5.80 / 1L,,, Add to cart , Save to list 
Chobani No Sugar Added Greek Yogurt Vanilla 150g,https://www.woolworths.com.au/shop/productdetails/272107/chobani-no-sugar-added-greek-yogurt-vanilla,,https://assets.woolworths.com.au/images/1005/272107.jpg?impolicy=wowsmkqiema&w=260&h=260,$2.50,$1.67 / 100G,,, Add to cart , Save to list 
Foster Clark's Original Recipe Vanilla Flavoured Liquid Custard 1l,https://www.woolworths.com.au/shop/productdetails/66394/foster-clark-s-original-recipe-vanilla-flavoured-liquid-custard,,https://assets.woolworths.com.au/images/1005/66394.jpg?impolicy=wowsmkqiema&w=260&h=260,$5.80,$0.58 / 100ML,,, Add to cart , Save to list 
Marsh's Extra Tasty Cheddar Cheese 400g - 425g,https://www.woolworths.com.au/shop/productdetails/91380/marsh-s-extra-tasty-cheddar-cheese,,https://assets.woolworths.com.au/images/1005/91380.jpg?impolicy=wowsmkqiema&w=260&h=260,$7.69,$18.10 / 1KG,,, Add to cart , Save to list 
Thomas Dux Danish Blue Cheese 100g,https://www.woolworths.com.au/shop/productdetails/87469/thomas-dux-danish-blue-cheese,,https://assets.woolworths.com.au/images/1005/87469.jpg?impolicy=wowsmkqiema&w=260&h=260,$4.40,$44.00 / 1KG,3.9,867, Add to cart , Save to list 
Dairy Farmers Classic Chocolate Milk 500ml,https://www.woolworths.com.au/shop/productdetails/799749/dairy-farmers-classic-chocolate-milk,,https://assets.woolworths.com.au/images/1005/799749.jpg?impolicy=wowsmkqiema&w=260&h=260,$3.40,$6.80 / 1L,,, Add to cart , Save to list 
Latina Fresh Ready Meal Angus Beef & Veg Lasagne Chilled Meal 1.6kg,https://www.woolworths.com.au/shop/productdetails/601940/latina-fresh-ready-meal-angus-beef-veg-lasagne-chilled-meal,,https://assets.woolworths.com.au/images/1005/601940.jpg?impolicy=wowsmkqiema&w=260&h=260,$19.95,$1.25 / 100G,4.0,1, Add to cart , Save to list 
Yallamundi Farm 12 Extra Large Free Range Eggs 700g,https://www.woolworths.com.au/shop/productdetails/203576/yallamundi-farm-12-extra-large-free-range-eggs,,https://assets.woolworths.com.au/images/1005/203576.jpg?impolicy=wowsmkqiema&w=260&h=260,,,,,, Save to list 
President Butter Salted 200g,https://www.woolworths.com.au/shop/productdetails/84267/president-butter-salted,,https://assets.woolworths.com.au/images/1005/84267.jpg?impolicy=wowsmkqiema&w=260&h=260,$4.50,$2.25 / 100G,,, Add to cart , Save to list 
Primo Lunch Breaks Mild Dan Salami Cheese Crks & Beetroot Relish 110g,https://www.woolworths.com.au/shop/productdetails/255441/primo-lunch-breaks-mild-dan-salami-cheese-crks-beetroot-relish,,https://assets.woolworths.com.au/images/1005/255441.jpg?impolicy=wowsmkqiema&w=260&h=260,$6.90,$62.73 / 1KG,,, Add to cart , Save to list 
Bega Light Vintage 25% Reduced Fat Cheese Slices 15 Pack 250g,https://www.woolworths.com.au/shop/productdetails/206424/bega-light-vintage-25-reduced-fat-cheese-slices,,https://assets.woolworths.com.au/images/1005/206424.jpg?impolicy=wowsmkqiema&w=260&h=260,$7.00,$28.00 / 1KG,,, Add to cart , Save to list 
Almond Breeze Barista Blend Blue Diamond 1l,https://www.woolworths.com.au/shop/productdetails/601864/almond-breeze-barista-blend-blue-diamond,,https://assets.woolworths.com.au/images/1005/601864.jpg?impolicy=wowsmkqiema&w=260&h=260,$4.80,$4.80 / 1L,,, Add to cart , Save to list 
Leggos Fresh Napoli Sauce 250g,https://www.woolworths.com.au/shop/productdetails/618611/leggos-fresh-napoli-sauce,,https://assets.woolworths.com.au/images/1005/618611.jpg?impolicy=wowsmkqiema&w=260&h=260,$4.50,$1.80 / 100G,,, Add to cart , Save to list 
Woolworths Chocolate Whipped Cream 250g,https://www.woolworths.com.au/shop/productdetails/143763/woolworths-chocolate-whipped-cream,,https://assets.woolworths.com.au/images/1005/143763.jpg?impolicy=wowsmkqiema&w=260&h=260,$5.60,$2.24 / 100G,4.4,183, Add to cart , Save to list 
Cocobella Yoghurt Pouch Mango 110g,https://www.woolworths.com.au/shop/productdetails/275660/cocobella-yoghurt-pouch-mango,,https://assets.woolworths.com.au/images/1005/275660.jpg?impolicy=wowsmkqiema&w=260&h=260,$2.00,$1.82 / 100G,,, Add to cart , Save to list 
Toscano Chocolate Truffle 450g,https://www.woolworths.com.au/shop/productdetails/586414/toscano-chocolate-truffle,https://www.woolworths.com.au/content/promotiontags/roundel-special-200x200.png,https://assets.woolworths.com.au/images/1005/586414.jpg?impolicy=wowsmkqiema&w=260&h=260,$7.50,$1.67 / 100G,,, Add to cart , Save to list 
Plantry Plant Based Food Co Teriyaki Meal 350g,https://www.woolworths.com.au/shop/productdetails/210606/plantry-plant-based-food-co-teriyaki-meal,,https://assets.woolworths.com.au/images/1005/210606.jpg?impolicy=wowsmkqiema&w=260&h=260,$7.50,$2.14 / 100G,,, Add to cart , Save to list 
So Good Chocolate Almond Milk 1l,https://www.woolworths.com.au/shop/productdetails/276856/so-good-chocolate-almond-milk,,https://assets.woolworths.com.au/images/1005/276856.jpg?impolicy=wowsmkqiema&w=260&h=260,$3.20,$3.20 / 1L,,, Add to cart , Save to list 
Oak Iced Coffee 600ml,https://www.woolworths.com.au/shop/productdetails/68971/oak-iced-coffee,https://www.woolworths.com.au/content/promotiontags/roundel-special-200x200.png,https://assets.woolworths.com.au/images/1005/68971.jpg?impolicy=wowsmkqiema&w=260&h=260,$2.90,$4.83 / 1L,,, Add to cart , Save to list 
Babushka's Powerful Probiotic Kefir Honey & Turmeric Natural Yoghurt 750g,https://www.woolworths.com.au/shop/productdetails/242106/babushka-s-powerful-probiotic-kefir-honey-turmeric-natural-yoghurt,,https://assets.woolworths.com.au/images/1005/242106.jpg?impolicy=wowsmkqiema&w=260&h=260,$5.90,$0.79 / 100G,,, Add to cart , Save to list 
Dare Intense Espresso Iced Coffee 500ml,https://www.woolworths.com.au/shop/productdetails/239692/dare-intense-espresso-iced-coffee,https://www.woolworths.com.au/content/promotiontags/roundel-special-200x200.png,https://assets.woolworths.com.au/images/1005/239692.jpg?impolicy=wowsmkqiema&w=260&h=260,$3.00,$6.00 / 1L,,, Add to cart , Save to list 
"Ruffie Rustic Foods Smoky Bacon, Swiss Cheese & Sweet Corn Frittata 2 Pack",https://www.woolworths.com.au/shop/productdetails/178902/ruffie-rustic-foods-smoky-bacon-swiss-cheese-sweet-corn-frittata,,https://assets.woolworths.com.au/images/1005/178902.jpg?impolicy=wowsmkqiema&w=260&h=260,$14.00,$3.50 / 100G,,, Add to cart , Save to list 
Gippsland Dairy Smooth & Creamy Yogurt 2kg,https://www.woolworths.com.au/shop/productdetails/243185/gippsland-dairy-smooth-creamy-yogurt,,https://assets.woolworths.com.au/images/1005/243185.jpg?impolicy=wowsmkqiema&w=260&h=260,$16.00,$0.80 / 100G,,, Add to cart , Save to list 
Bertolli With Butter With A Pinch Of Sea Salt 450g,https://www.woolworths.com.au/shop/productdetails/222133/bertolli-with-butter-with-a-pinch-of-sea-salt,https://www.woolworths.com.au/content/promotiontags/roundel-special-200x200.png,https://assets.woolworths.com.au/images/1005/222133.jpg?impolicy=wowsmkqiema&w=260&h=260,$5.80,$1.29 / 100G,,, Add to cart , Save to list 
Flora Margarine Spread Salt Reduced 1kg,https://www.woolworths.com.au/shop/productdetails/309966/flora-margarine-spread-salt-reduced,https://www.woolworths.com.au/content/promotiontags/roundel-special-200x200.png,https://assets.woolworths.com.au/images/1005/309966.jpg?impolicy=wowsmkqiema&w=260&h=260,$7.00,$0.70 / 100G,,, Add to cart , Save to list 
Mainland Cracker Cuts Tasty Cheese 120g,https://www.woolworths.com.au/shop/productdetails/324521/mainland-cracker-cuts-tasty-cheese,,https://assets.woolworths.com.au/images/1005/324521.jpg?impolicy=wowsmkqiema&w=260&h=260,$5.50,$45.83 / 1KG,,, Add to cart , Save to list 
South Cape Brie 200g,https://www.woolworths.com.au/shop/productdetails/40365/south-cape-brie,,https://assets.woolworths.com.au/images/1005/40365.jpg?impolicy=wowsmkqiema&w=260&h=260,$7.50,$37.50 / 1KG,,, Add to cart , Save to list 
Unicorn Classic Triple Cream Cheese 125g,https://www.woolworths.com.au/shop/productdetails/732051/unicorn-classic-triple-cream-cheese,,https://assets.woolworths.com.au/images/1005/732051.jpg?impolicy=wowsmkqiema&w=260&h=260,,,,,, Save to list 
Frico Dutch Smoked Cheese 150g,https://www.woolworths.com.au/shop/productdetails/323959/frico-dutch-smoked-cheese,,https://assets.woolworths.com.au/images/1005/323959.jpg?impolicy=wowsmkqiema&w=260&h=260,$7.70,$51.33 / 1KG,,, Add to cart , Save to list 
Cracker Barrel Slice Extra Sharp 250g,https://www.woolworths.com.au/shop/productdetails/226351/cracker-barrel-slice-extra-sharp,,https://assets.woolworths.com.au/images/1005/226351.jpg?impolicy=wowsmkqiema&w=260&h=260,$9.20,$36.80 / 1KG,,, Add to cart , Save to list 
Gippsland Dairy Twist Yoghurt Toffee & Honeycomb 700g,https://www.woolworths.com.au/shop/productdetails/264660/gippsland-dairy-twist-yoghurt-toffee-honeycomb,,https://assets.woolworths.com.au/images/1005/264660.jpg?impolicy=wowsmkqiema&w=260&h=260,$7.50,$1.07 / 100G,,, Add to cart , Save to list 
A2 Milk Lactose Free Light Milk 2l,https://www.woolworths.com.au/shop/productdetails/240183/a2-milk-lactose-free-light-milk,,https://assets.woolworths.com.au/images/1005/240183.jpg?impolicy=wowsmkqiema&w=260&h=260,$6.60,$3.30 / 1L,,, Add to cart , Save to list 
Leggos Fresh Bolognese Sauce 250g,https://www.woolworths.com.au/shop/productdetails/618610/leggos-fresh-bolognese-sauce,,https://assets.woolworths.com.au/images/1005/618610.jpg?impolicy=wowsmkqiema&w=260&h=260,$4.50,$1.80 / 100G,,, Add to cart , Save to list 
Moira Mac's Crumbed Chicken Schnitzels Gluten Free 2 Pack,https://www.woolworths.com.au/shop/productdetails/248597/moira-mac-s-crumbed-chicken-schnitzels-gluten-free,,https://assets.woolworths.com.au/images/1005/248597.jpg?impolicy=wowsmkqiema&w=260&h=260,$4.40,$25.88 / 1KG,,, Add to cart , Save to list 
Mersey Valley Original Cheddar Cheese 235g,https://www.woolworths.com.au/shop/productdetails/250854/mersey-valley-original-cheddar-cheese,,https://assets.woolworths.com.au/images/1005/250854.jpg?impolicy=wowsmkqiema&w=260&h=260,$9.90,$42.13 / 1KG,,, Add to cart , Save to list 
Primo Entertaining Cabanossi Bites Gluten Free 200g,https://www.woolworths.com.au/shop/productdetails/249316/primo-entertaining-cabanossi-bites-gluten-free,,https://assets.woolworths.com.au/images/1005/249316.jpg?impolicy=wowsmkqiema&w=260&h=260,$4.80,$24.00 / 1KG,,, Add to cart , Save to list 
Mersey Valley Pickled Onion Cheese 80g,https://www.woolworths.com.au/shop/productdetails/808130/mersey-valley-pickled-onion-cheese,https://www.woolworths.com.au/content/promotiontags/roundel-buy-more-save-more-200x200.png,https://assets.woolworths.com.au/images/1005/808130.jpg?impolicy=wowsmkqiema&w=260&h=260,$4.80,$60.00 / 1KG,,, Add to cart , Save to list 
Barista Bros Iced Chocolate Flavoured Milk 500ml,https://www.woolworths.com.au/shop/productdetails/791219/barista-bros-iced-chocolate-flavoured-milk,https://www.woolworths.com.au/content/promotiontags/chilled-roundel.png,https://assets.woolworths.com.au/images/1005/791219.jpg?impolicy=wowsmkqiema&w=260&h=260,$3.15,$6.30 / 1L,,, Add to cart , Save to list 
Mil Lel Shredded Parmesan 170g,https://www.woolworths.com.au/shop/productdetails/97106/mil-lel-shredded-parmesan,,https://assets.woolworths.com.au/images/1005/97106.jpg?impolicy=wowsmkqiema&w=260&h=260,$6.90,$40.59 / 1KG,,, Add to cart , Save to list 
South Cape Club Cheddar Vintage Cheese 140g,https://www.woolworths.com.au/shop/productdetails/331770/south-cape-club-cheddar-vintage-cheese,,https://assets.woolworths.com.au/images/1005/331770.jpg?impolicy=wowsmkqiema&w=260&h=260,$6.50,$46.43 / 1KG,,, Add to cart , Save to list 
Chris' Heritage Dips Vintage Cheddar & Caramelised Onion Cheese 170g,https://www.woolworths.com.au/shop/productdetails/823696/chris-heritage-dips-vintage-cheddar-caramelised-onion-cheese,https://www.woolworths.com.au/content/promotiontags/roundel-special-200x200.png,https://assets.woolworths.com.au/images/1005/823696.jpg?impolicy=wowsmkqiema&w=260&h=260,$7.00,$4.12 / 100G,,, Add to cart , Save to list 
Ice Break Triple Shot Iced Coffee Milk 750ml,https://www.woolworths.com.au/shop/productdetails/375554/ice-break-triple-shot-iced-coffee-milk,https://www.woolworths.com.au/content/promotiontags/roundel-special-200x200.png,https://assets.woolworths.com.au/images/1005/375554.jpg?impolicy=wowsmkqiema&w=260&h=260,$3.95,$5.27 / 1L,,, Add to cart , Save to list 
Moo Greek Style Yoghurt & Granola Mango 170g,https://www.woolworths.com.au/shop/productdetails/243925/moo-greek-style-yoghurt-granola-mango,https://www.woolworths.com.au/content/promotiontags/roundel-special-200x200.png,https://assets.woolworths.com.au/images/1005/243925.jpg?impolicy=wowsmkqiema&w=260&h=260,$3.00,$1.76 / 100G,,, Add to cart , Save to list 
Dodoni Greek Feta Cheese 400g,https://www.woolworths.com.au/shop/productdetails/328103/dodoni-greek-feta-cheese,https://www.woolworths.com.au/content/promotiontags/roundel-special-200x200.png,https://assets.woolworths.com.au/images/1005/328103.jpg?impolicy=wowsmkqiema&w=260&h=260,$15.00,$37.50 / 1KG,,, Add to cart , Save to list 
Lemnos Organic Haloumi Cheese 180g,https://www.woolworths.com.au/shop/productdetails/287053/lemnos-organic-haloumi-cheese,,https://assets.woolworths.com.au/images/1005/287053.jpg?impolicy=wowsmkqiema&w=260&h=260,$7.00,$38.89 / 1KG,,, Add to cart , Save to list 
Impossible Plant Based Beef Burger 227g,https://www.woolworths.com.au/shop/productdetails/198284/impossible-plant-based-beef-burger,,https://assets.woolworths.com.au/images/1005/198284.jpg?impolicy=wowsmkqiema&w=260&h=260,$9.50,$41.85 / 1KG,,, Add to cart , Save to list 
Flora Proactiv Margarine Original 750g,https://www.woolworths.com.au/shop/productdetails/700518/flora-proactiv-margarine-original,,https://assets.woolworths.com.au/images/1005/700518.jpg?impolicy=wowsmkqiema&w=260&h=260,$12.00,$1.60 / 100G,,, Add to cart , Save to list 
Dairyworks Tasty Cheese Grated 500g,https://www.woolworths.com.au/shop/productdetails/17497/dairyworks-tasty-cheese-grated,,https://assets.woolworths.com.au/images/1005/17497.jpg?impolicy=wowsmkqiema&w=260&h=260,$8.50,$17.00 / 1KG,,, Add to cart , Save to list 
Devondale Skim Long Life Milk 6x200ml,https://www.woolworths.com.au/shop/productdetails/84244/devondale-skim-long-life-milk,,https://assets.woolworths.com.au/images/1005/84244.jpg?impolicy=wowsmkqiema&w=260&h=260,$6.00,$5.00 / 1L,,, Add to cart , Save to list 
Castello Brie Double Cream 150g,https://www.woolworths.com.au/shop/productdetails/48920/castello-brie-double-cream,,https://assets.woolworths.com.au/images/1005/48920.jpg?impolicy=wowsmkqiema&w=260&h=260,$8.00,$53.33 / 1KG,,, Add to cart , Save to list 
York Foods Lard 250g,https://www.woolworths.com.au/shop/productdetails/794705/york-foods-lard,,https://assets.woolworths.com.au/images/1005/794705.jpg?impolicy=wowsmkqiema&w=260&h=260,$4.50,$1.80 / 100G,,, Add to cart , Save to list 
Latina Fresh Lasagne Ravioli Pasta 625g,https://www.woolworths.com.au/shop/productdetails/214006/latina-fresh-lasagne-ravioli-pasta,,https://assets.woolworths.com.au/images/1005/214006.jpg?impolicy=wowsmkqiema&w=260&h=260,$10.00,$1.60 / 100G,,, Add to cart , Save to list 
South Cape Smoked Club Cheddar Vintage Cheese 140g,https://www.woolworths.com.au/shop/productdetails/331773/south-cape-smoked-club-cheddar-vintage-cheese,,https://assets.woolworths.com.au/images/1005/331773.jpg?impolicy=wowsmkqiema&w=260&h=260,$6.50,$46.43 / 1KG,,, Add to cart , Save to list 
Primo Mini Mix Ups Baby Shark Ham Tasty Cheese & Sultanas 40g,https://www.woolworths.com.au/shop/productdetails/224576/primo-mini-mix-ups-baby-shark-ham-tasty-cheese-sultanas,https://www.woolworths.com.au/content/promotiontags/final_only_at_woolworths_roundel_200x200.png,https://assets.woolworths.com.au/images/1005/224576.jpg?impolicy=wowsmkqiema&w=260&h=260,$3.75,$93.75 / 1KG,,, Add to cart , Save to list 
Dairy Farmers Lite White Milk 3l,https://www.woolworths.com.au/shop/productdetails/126207/dairy-farmers-lite-white-milk,,https://assets.woolworths.com.au/images/1005/126207.jpg?impolicy=wowsmkqiema&w=260&h=260,$6.00,$2.00 / 1L,,, Add to cart , Save to list 
Della Rosa Tomato Sauce Pizza Base 280g,https://www.woolworths.com.au/shop/productdetails/812574/della-rosa-tomato-sauce-pizza-base,,https://assets.woolworths.com.au/images/1005/812574.jpg?impolicy=wowsmkqiema&w=260&h=260,$3.00,$1.07 / 100G,,, Add to cart , Save to list 
Flora Proactiv Margarine Buttery 250g,https://www.woolworths.com.au/shop/productdetails/580630/flora-proactiv-margarine-buttery,,https://assets.woolworths.com.au/images/1005/580630.jpg?impolicy=wowsmkqiema&w=260&h=260,$5.75,$2.30 / 100G,,, Add to cart , Save to list 
Jacquin Chevre Plain 100g,https://www.woolworths.com.au/shop/productdetails/739564/jacquin-chevre-plain,https://www.woolworths.com.au/content/promotiontags/roundel-special-200x200.png,https://assets.woolworths.com.au/images/1005/739564.jpg?impolicy=wowsmkqiema&w=260&h=260,$4.80,$48.00 / 1KG,,, Add to cart , Save to list 
President Butter Unsalted 200g,https://www.woolworths.com.au/shop/productdetails/83334/president-butter-unsalted,,https://assets.woolworths.com.au/images/1005/83334.jpg?impolicy=wowsmkqiema&w=260&h=260,$4.50,$2.25 / 100G,,, Add to cart , Save to list 
Primo Lunch Breaks Leg Ham Cheese Lavosh Crackers & Tom Chutney 110g,https://www.woolworths.com.au/shop/productdetails/259031/primo-lunch-breaks-leg-ham-cheese-lavosh-crackers-tom-chutney,,https://assets.woolworths.com.au/images/1005/259031.jpg?impolicy=wowsmkqiema&w=260&h=260,$6.90,$62.73 / 1KG,,, Add to cart , Save to list 
La Famiglia Garlic Bread Ciabatta 330g,https://www.woolworths.com.au/shop/productdetails/717550/la-famiglia-garlic-bread-ciabatta,,https://assets.woolworths.com.au/images/1005/717550.jpg?impolicy=wowsmkqiema&w=260&h=260,$7.00,$2.12 / 100G,,, Add to cart , Save to list 
Picasso Kitchen Cauliflower Base 170g,https://www.woolworths.com.au/shop/productdetails/638771/picasso-kitchen-cauliflower-base,,https://assets.woolworths.com.au/images/1005/638771.jpg?impolicy=wowsmkqiema&w=260&h=260,$3.60,$2.12 / 100G,4.0,512, Add to cart , Save to list 
Chobani No Sugar Added Greek Yogurt Mango Passion Fruit 150g,https://www.woolworths.com.au/shop/productdetails/271406/chobani-no-sugar-added-greek-yogurt-mango-passion-fruit,,https://assets.woolworths.com.au/images/1005/271406.jpg?impolicy=wowsmkqiema&w=260&h=260,$2.50,$1.67 / 100G,,, Add to cart , Save to list 
Woolworths Plantitude Sweet Potato & Pumpkin Crumbed Burgers 250g,https://www.woolworths.com.au/shop/productdetails/187438/woolworths-plantitude-sweet-potato-pumpkin-crumbed-burgers,https://www.woolworths.com.au/content/promotiontags/royal-tasmanian-fine-food-awards-2022-gold.png,https://assets.woolworths.com.au/images/1005/187438.jpg?impolicy=wowsmkqiema&w=260&h=260,$7.00,$28.00 / 1KG,3.6,383, Add to cart , Save to list 
Bega Colby Cheese Slices 250g,https://www.woolworths.com.au/shop/productdetails/223934/bega-colby-cheese-slices,,https://assets.woolworths.com.au/images/1005/223934.jpg?impolicy=wowsmkqiema&w=260&h=260,$7.00,$28.00 / 1KG,,, Add to cart , Save to list 
"Wildly Good Kale Sweet Potato Burgers With Chickpeas, Carrots & Corn 250g",https://www.woolworths.com.au/shop/productdetails/212718/wildly-good-kale-sweet-potato-burgers-with-chickpeas-carrots-corn,https://www.woolworths.com.au/content/promotiontags/roundel-special-200x200.png,https://assets.woolworths.com.au/images/1005/212718.jpg?impolicy=wowsmkqiema&w=260&h=260,$5.60,$22.40 / 1KG,,, Add to cart , Save to list 
Garlo's Spinach & Fetta Roll Chilled Meal 180g,https://www.woolworths.com.au/shop/productdetails/89385/garlo-s-spinach-fetta-roll-chilled-meal,https://www.woolworths.com.au/content/promotiontags/roundel-special-200x200.png,https://assets.woolworths.com.au/images/1005/89385.jpg?impolicy=wowsmkqiema&w=260&h=260,$3.50,$1.94 / 100G,,, Add to cart , Save to list 
Woolworths Crumbed Haloumi Chips 180g,https://www.woolworths.com.au/shop/productdetails/135211/woolworths-crumbed-haloumi-chips-null,,https://assets.woolworths.com.au/images/1005/135211.jpg?impolicy=wowsmkqiema&w=260&h=260,$6.50,$3.61 / 100G,3.3,426, Add to cart , Save to list 
Brancourts Lactose Free Cottage Cheese 225g,https://www.woolworths.com.au/shop/productdetails/256558/brancourts-lactose-free-cottage-cheese,,https://assets.woolworths.com.au/images/1005/256558.jpg?impolicy=wowsmkqiema&w=260&h=260,$5.50,$24.44 / 1KG,,, Add to cart , Save to list 
Obela Hommus Savoury Garlic 220g,https://www.woolworths.com.au/shop/productdetails/765177/obela-hommus-savoury-garlic,,https://assets.woolworths.com.au/images/1005/765177.jpg?impolicy=wowsmkqiema&w=260&h=260,$4.50,$2.05 / 100G,,, Add to cart , Save to list 
Birch & Waite Mushroom & Truffle Sauce Sauce 200g,https://www.woolworths.com.au/shop/productdetails/215274/birch-waite-mushroom-truffle-sauce-sauce,,https://assets.woolworths.com.au/images/1005/215274.jpg?impolicy=wowsmkqiema&w=260&h=260,$6.50,$3.25 / 100G,,, Add to cart , Save to list 
Castello Soft Mild Blue Cheese 300g,https://www.woolworths.com.au/shop/productdetails/110572/castello-soft-mild-blue-cheese,,https://assets.woolworths.com.au/images/1005/110572.jpg?impolicy=wowsmkqiema&w=260&h=260,$14.50,$48.33 / 1KG,,, Add to cart , Save to list 
Devondale Salted Butter 250g,https://www.woolworths.com.au/shop/productdetails/75645/devondale-salted-butter,,https://assets.woolworths.com.au/images/1005/75645.jpg?impolicy=wowsmkqiema&w=260&h=260,$5.30,$2.12 / 100G,,, Add to cart , Save to list 
South Cape Onion & Chives Cream Cheese 200g,https://www.woolworths.com.au/shop/productdetails/312799/south-cape-onion-chives-cream-cheese,,https://assets.woolworths.com.au/images/1005/312799.jpg?impolicy=wowsmkqiema&w=260&h=260,$6.50,$32.50 / 1KG,,, Add to cart , Save to list 
Mediterranean Delite Garlic Dip 200g,https://www.woolworths.com.au/shop/productdetails/796631/mediterranean-delite-garlic-dip,https://www.woolworths.com.au/content/promotiontags/local-seals-nsw.png,https://assets.woolworths.com.au/images/1005/796631.jpg?impolicy=wowsmkqiema&w=260&h=260,$3.30,$1.65 / 100G,,, Add to cart , Save to list 
Ice Break Lactose Free Real Coffee Flavoured Milk 500ml,https://www.woolworths.com.au/shop/productdetails/238549/ice-break-lactose-free-real-coffee-flavoured-milk,,https://assets.woolworths.com.au/images/1005/238549.jpg?impolicy=wowsmkqiema&w=260&h=260,$3.80,$7.60 / 1L,,, Add to cart , Save to list 
Pace Farm 30 Cage Free Eggs 1.5kg,https://www.woolworths.com.au/shop/productdetails/54250/pace-farm-30-cage-free-eggs,,https://assets.woolworths.com.au/images/1005/54250.jpg?impolicy=wowsmkqiema&w=260&h=260,,,,,, Save to list 
President Brie Cheese 200g,https://www.woolworths.com.au/shop/productdetails/800132/president-brie-cheese,https://www.woolworths.com.au/content/promotiontags/roundel-special-200x200.png,https://assets.woolworths.com.au/images/1005/800132.jpg?impolicy=wowsmkqiema&w=260&h=260,$6.50,$32.50 / 1KG,,, Add to cart , Save to list 
Pauls Goats Milk 1l,https://www.woolworths.com.au/shop/productdetails/45704/pauls-goats-milk,https://www.woolworths.com.au/content/promotiontags/supporting-aus-milk-roundel-200x200.png,https://assets.woolworths.com.au/images/1005/45704.jpg?impolicy=wowsmkqiema&w=260&h=260,$6.20,$6.20 / 1L,,, Add to cart , Save to list 
Pauls Low Fat Chocolate Mousse 62gx 2 Pack,https://www.woolworths.com.au/shop/productdetails/111944/pauls-low-fat-chocolate-mousse-chocolate-mousse,,https://assets.woolworths.com.au/images/1005/111944.jpg?impolicy=wowsmkqiema&w=260&h=260,$2.80,$2.26 / 100G,,, Add to cart , Save to list 
South Cape Havarti Cheese Snack 80g,https://www.woolworths.com.au/shop/productdetails/527330/south-cape-havarti-cheese-snack,https://www.woolworths.com.au/content/promotiontags/roundel-buy-more-save-more-200x200.png,https://assets.woolworths.com.au/images/1005/527330.jpg?impolicy=wowsmkqiema&w=260&h=260,$4.80,$60.00 / 1KG,,, Add to cart , Save to list 
Macro 12 Large Pasture Raised Free Range Eggs 600g,https://www.woolworths.com.au/shop/productdetails/240029/macro-12-large-pasture-raised-free-range-eggs,,https://assets.woolworths.com.au/images/1005/240029.jpg?impolicy=wowsmkqiema&w=260&h=260,,,,,, Save to list 
Red Rock Deli Roast Pumpkin Caramelised Onion & Cashew Dip 150g,https://www.woolworths.com.au/shop/productdetails/923918/red-rock-deli-roast-pumpkin-caramelised-onion-cashew-dip,https://www.woolworths.com.au/content/promotiontags/online-only-special-green-roundel.png,https://assets.woolworths.com.au/images/1005/923918.jpg?impolicy=wowsmkqiema&w=260&h=260,$5.00,$3.33 / 100G,,, Add to cart , Save to list 
South Cape Australian Havarti 180g,https://www.woolworths.com.au/shop/productdetails/238875/south-cape-australian-havarti,,https://assets.woolworths.com.au/images/1005/238875.jpg?impolicy=wowsmkqiema&w=260&h=260,$6.50,$36.11 / 1KG,,, Add to cart , Save to list 
Cheer Cheese Slices Colby 500g,https://www.woolworths.com.au/shop/productdetails/165808/cheer-cheese-slices-colby,,https://assets.woolworths.com.au/images/1005/165808.jpg?impolicy=wowsmkqiema&w=260&h=260,$12.50,$25.00 / 1KG,,, Add to cart , Save to list 
Cracker Barrel Block Extra Sharp 500g,https://www.woolworths.com.au/shop/productdetails/46024/cracker-barrel-block-extra-sharp,,https://assets.woolworths.com.au/images/1005/46024.jpg?impolicy=wowsmkqiema&w=260&h=260,$13.80,$27.60 / 1KG,,, Add to cart , Save to list 
Guzzi's Golden Pasta Gnocchi Potato 500g,https://www.woolworths.com.au/shop/productdetails/77075/guzzi-s-golden-pasta-gnocchi-potato,https://www.woolworths.com.au/content/promotiontags/roundel-special-200x200.png,https://assets.woolworths.com.au/images/1005/77075.jpg?impolicy=wowsmkqiema&w=260&h=260,$5.00,$1.00 / 100G,,, Add to cart , Save to list 
Chris' Hommus & Roasted Garlic Dip & Spread 200g,https://www.woolworths.com.au/shop/productdetails/99423/chris-hommus-roasted-garlic-dip-spread,https://www.woolworths.com.au/content/promotiontags/roundel-buy-more-save-more-200x200.png,https://assets.woolworths.com.au/images/1005/99423.jpg?impolicy=wowsmkqiema&w=260&h=260,$4.00,$2.00 / 100G,,, Add to cart , Save to list 
Devondale Mozzarella Cheese Block 550g,https://www.woolworths.com.au/shop/productdetails/253674/devondale-mozzarella-cheese-block,,https://assets.woolworths.com.au/images/1005/253674.jpg?impolicy=wowsmkqiema&w=260&h=260,$11.00,$20.00 / 1KG,,, Add to cart , Save to list 
Norco Elbo Style Cheese Block 500g,https://www.woolworths.com.au/shop/productdetails/647416/norco-elbo-style-cheese-block,https://www.woolworths.com.au/content/promotiontags/roundel-special-200x200.png,https://assets.woolworths.com.au/images/1005/647416.jpg?impolicy=wowsmkqiema&w=260&h=260,$11.20,$22.40 / 1KG,,, Add to cart , Save to list 
Nuffin Chive & Onion Dip 200g,https://www.woolworths.com.au/shop/productdetails/208804/nuffin-chive-onion-dip,https://www.woolworths.com.au/content/promotiontags/roundel-special-200x200.png,https://assets.woolworths.com.au/images/1005/208804.jpg?impolicy=wowsmkqiema&w=260&h=260,$4.00,$2.00 / 100G,,, Add to cart , Save to list 
Latina Fresh Gluten Free Lasagne Sheets 280g,https://www.woolworths.com.au/shop/productdetails/83431/latina-fresh-gluten-free-lasagne-sheets,,https://assets.woolworths.com.au/images/1005/83431.jpg?impolicy=wowsmkqiema&w=260&h=260,$7.20,$2.57 / 100G,,, Add to cart , Save to list 
Lurpak Garlic Butter 125g,https://www.woolworths.com.au/shop/productdetails/309412/lurpak-garlic-butter,,https://assets.woolworths.com.au/images/1005/309412.jpg?impolicy=wowsmkqiema&w=260&h=260,$3.50,$2.80 / 100G,,, Add to cart , Save to list 
A2 Full Cream Milk Lactose Free 1l,https://www.woolworths.com.au/shop/productdetails/248009/a2-full-cream-milk-lactose-free,,https://assets.woolworths.com.au/images/1005/248009.jpg?impolicy=wowsmkqiema&w=260&h=260,$3.80,$3.80 / 1L,,, Add to cart , Save to list 
Dare Mocha Iced Coffee 2l,https://www.woolworths.com.au/shop/productdetails/155830/dare-mocha-iced-coffee,https://www.woolworths.com.au/content/promotiontags/roundel-special-200x200.png,https://assets.woolworths.com.au/images/1005/155830.jpg?impolicy=wowsmkqiema&w=260&h=260,$5.40,$2.70 / 1L,,, Add to cart , Save to list 
Red Rock Deli Classics Caramelised French Onion 190g,https://www.woolworths.com.au/shop/productdetails/176569/red-rock-deli-classics-caramelised-french-onion,https://www.woolworths.com.au/content/promotiontags/roundel-buy-more-save-more-200x200.png,https://assets.woolworths.com.au/images/1005/176569.jpg?impolicy=wowsmkqiema&w=260&h=260,$4.50,$2.37 / 100G,,, Add to cart , Save to list 
Lake Macquarie 12 Extra Large Free Range Eggs 700g,https://www.woolworths.com.au/shop/productdetails/101523/lake-macquarie-12-extra-large-free-range-eggs,,https://assets.woolworths.com.au/images/1005/101523.jpg?impolicy=wowsmkqiema&w=260&h=260,$6.80,$0.97 / 100G,,, Add to cart , Save to list 
Birch & Waite Sichuan Style Stir Fry Sauce 200g,https://www.woolworths.com.au/shop/productdetails/239030/birch-waite-sichuan-style-stir-fry-sauce,,https://assets.woolworths.com.au/images/1005/239030.jpg?impolicy=wowsmkqiema&w=260&h=260,$6.50,$3.25 / 100G,,, Add to cart , Save to list 
Easiyo Yogurt Base Maker Maker Each,https://www.woolworths.com.au/shop/productdetails/67373/easiyo-yogurt-base-maker-maker,,https://assets.woolworths.com.au/images/1005/67373.jpg?impolicy=wowsmkqiema&w=260&h=260,$25.00,$25.00 / 1EA,,, Add to cart , Save to list 
Grand Italian Tuscans Finest Veal Ravioli 325g,https://www.woolworths.com.au/shop/productdetails/238206/grand-italian-tuscans-finest-veal-ravioli,,https://assets.woolworths.com.au/images/1005/238206.jpg?impolicy=wowsmkqiema&w=260&h=260,$7.00,$2.15 / 100G,,, Add to cart , Save to list 
Dairyworks Grated 3 Cheese Mix 250g,https://www.woolworths.com.au/shop/productdetails/681853/dairyworks-grated-3-cheese-mix,https://www.woolworths.com.au/content/promotiontags/final_only_at_woolworths_roundel_200x200.png,https://assets.woolworths.com.au/images/1005/681853.jpg?impolicy=wowsmkqiema&w=260&h=260,$6.00,$24.00 / 1KG,,, Add to cart , Save to list 
Cracker Barrel Block Extra Sharp 250g,https://www.woolworths.com.au/shop/productdetails/48070/cracker-barrel-block-extra-sharp,,https://assets.woolworths.com.au/images/1005/48070.jpg?impolicy=wowsmkqiema&w=260&h=260,$9.20,$36.80 / 1KG,,, Add to cart , Save to list 
Yalla Dark Chocolate Mousse 300g,https://www.woolworths.com.au/shop/productdetails/303770/yalla-dark-chocolate-mousse,,https://assets.woolworths.com.au/images/1005/303770.jpg?impolicy=wowsmkqiema&w=260&h=260,$8.50,$2.83 / 100G,,, Add to cart , Save to list 
Gippsland Dairy Twist Yoghurt Lemon Curd 160g,https://www.woolworths.com.au/shop/productdetails/612012/gippsland-dairy-twist-yoghurt-lemon-curd,,https://assets.woolworths.com.au/images/1005/612012.jpg?impolicy=wowsmkqiema&w=260&h=260,$2.50,$1.56 / 100G,,, Add to cart , Save to list 
The Complete Dairy Full Cream Milk 1l,https://www.woolworths.com.au/shop/productdetails/407509/the-complete-dairy-full-cream-milk,https://www.woolworths.com.au/content/promotiontags/supporting-aus-milk-roundel-200x200.png,https://assets.woolworths.com.au/images/1005/407509.jpg?impolicy=wowsmkqiema&w=260&h=260,$3.50,$3.50 / 1L,,, Add to cart , Save to list 
V2 Plant Based Chilli Con Carne 350g,https://www.woolworths.com.au/shop/productdetails/215734/v2-plant-based-chilli-con-carne,,https://assets.woolworths.com.au/images/1005/215734.jpg?impolicy=wowsmkqiema&w=260&h=260,,,,,, Save to list 
Zanetti Parmigiano Reggiano Pdo 30m 200g,https://www.woolworths.com.au/shop/productdetails/97938/zanetti-parmigiano-reggiano-pdo-30m,,https://assets.woolworths.com.au/images/1005/97938.jpg?impolicy=wowsmkqiema&w=260&h=260,$14.50,$72.50 / 1KG,,, Add to cart , Save to list 
Don Stix Mild Salami & Tasty Cheese 40g,https://www.woolworths.com.au/shop/productdetails/219684/don-stix-mild-salami-tasty-cheese,,https://assets.woolworths.com.au/images/1005/219684.jpg?impolicy=wowsmkqiema&w=260&h=260,$2.50,$62.50 / 1KG,,, Add to cart , Save to list 
South Cape Australian Gouda 180g,https://www.woolworths.com.au/shop/productdetails/238921/south-cape-australian-gouda,,https://assets.woolworths.com.au/images/1005/238921.jpg?impolicy=wowsmkqiema&w=260&h=260,$6.50,$36.11 / 1KG,,, Add to cart , Save to list 
Dare No Added Sugar Double Espresso 2l,https://www.woolworths.com.au/shop/productdetails/239524/dare-no-added-sugar-double-espresso,https://www.woolworths.com.au/content/promotiontags/roundel-special-200x200.png,https://assets.woolworths.com.au/images/1005/239524.jpg?impolicy=wowsmkqiema&w=260&h=260,$5.40,$2.70 / 1L,,, Add to cart , Save to list 
Dairyworks Edam Cheese Slices 500g,https://www.woolworths.com.au/shop/productdetails/811334/dairyworks-edam-cheese-slices,,https://assets.woolworths.com.au/images/1005/811334.jpg?impolicy=wowsmkqiema&w=260&h=260,,,,,, Save to list 
Chris' Dips Egyptian Beetroot 200g,https://www.woolworths.com.au/shop/productdetails/716246/chris-dips-egyptian-beetroot,https://www.woolworths.com.au/content/promotiontags/roundel-buy-more-save-more-200x200.png,https://assets.woolworths.com.au/images/1005/716246.jpg?impolicy=wowsmkqiema&w=260&h=260,$4.00,$2.00 / 100G,,, Add to cart , Save to list 
Oak Strawberry Flavoured Milk 600ml,https://www.woolworths.com.au/shop/productdetails/48729/oak-strawberry-flavoured-milk,https://www.woolworths.com.au/content/promotiontags/roundel-special-200x200.png,https://assets.woolworths.com.au/images/1005/48729.jpg?impolicy=wowsmkqiema&w=260&h=260,$2.90,$4.83 / 1L,,, Add to cart , Save to list 
Willow Farm Gherkin Dip 200g,https://www.woolworths.com.au/shop/productdetails/241114/willow-farm-gherkin-dip,,https://assets.woolworths.com.au/images/1005/241114.jpg?impolicy=wowsmkqiema&w=260&h=260,$2.50,$1.25 / 100G,,, Add to cart , Save to list 
Della Rosa Stone Baked Herb & Garlic Pizza Base 2 Pack,https://www.woolworths.com.au/shop/productdetails/215262/della-rosa-stone-baked-herb-garlic-pizza-base,,https://assets.woolworths.com.au/images/1005/215262.jpg?impolicy=wowsmkqiema&w=260&h=260,$5.50,$1.22 / 100G,,, Add to cart , Save to list 
South Cape Marinated Fetta 350g,https://www.woolworths.com.au/shop/productdetails/19115/south-cape-marinated-fetta,,https://assets.woolworths.com.au/images/1005/19115.jpg?impolicy=wowsmkqiema&w=260&h=260,$11.50,$32.86 / 1KG,,, Add to cart , Save to list 
Mon Ami Double Cream French Brie Petit 125g,https://www.woolworths.com.au/shop/productdetails/216900/mon-ami-double-cream-french-brie-petit,https://www.woolworths.com.au/content/promotiontags/roundel-special-200x200.png,https://assets.woolworths.com.au/images/1005/216900.jpg?impolicy=wowsmkqiema&w=260&h=260,$4.00,$32.00 / 1KG,,, Add to cart , Save to list 
Cadbury Dairy Milk Chocolate Mousse 80g X 2 Pack,https://www.woolworths.com.au/shop/productdetails/247658/cadbury-dairy-milk-chocolate-mousse,https://www.woolworths.com.au/content/promotiontags/roundel-special-200x200.png,https://assets.woolworths.com.au/images/1005/247658.jpg?impolicy=wowsmkqiema&w=260&h=260,$5.00,$3.13 / 100G,,, Add to cart , Save to list 
President All Natural Extra Spreadable Cream Cheese 200g,https://www.woolworths.com.au/shop/productdetails/224458/president-all-natural-extra-spreadable-cream-cheese,https://www.woolworths.com.au/content/promotiontags/roundel-special-200x200.png,https://assets.woolworths.com.au/images/1005/224458.jpg?impolicy=wowsmkqiema&w=260&h=260,$4.00,$20.00 / 1KG,,, Add to cart , Save to list 
Tasmanian Pate Smoked Salmon & Cracked Pepper Pate 130g,https://www.woolworths.com.au/shop/productdetails/133471/tasmanian-pate-smoked-salmon-cracked-pepper-pate,,https://assets.woolworths.com.au/images/1005/133471.jpg?impolicy=wowsmkqiema&w=260&h=260,$5.50,$42.31 / 1KG,,, Add to cart , Save to list 
Sunfed Bull Free Beef Raw Diced 300g,https://www.woolworths.com.au/shop/productdetails/198141/sunfed-bull-free-beef-raw-diced,,https://assets.woolworths.com.au/images/1005/198141.jpg?impolicy=wowsmkqiema&w=260&h=260,$11.00,$36.67 / 1KG,,, Add to cart , Save to list 
Chris' Spicy Jalapeno Dip & Spread 200g,https://www.woolworths.com.au/shop/productdetails/82074/chris-spicy-jalapeno-dip-spread,https://www.woolworths.com.au/content/promotiontags/roundel-buy-more-save-more-200x200.png,https://assets.woolworths.com.au/images/1005/82074.jpg?impolicy=wowsmkqiema&w=260&h=260,$4.00,$2.00 / 100G,,, Add to cart , Save to list 
Obela Hommus Roasted Capsicum 220g,https://www.woolworths.com.au/shop/productdetails/109916/obela-hommus-roasted-capsicum,,https://assets.woolworths.com.au/images/1005/109916.jpg?impolicy=wowsmkqiema&w=260&h=260,$5.00,$2.27 / 100G,,, Add to cart , Save to list 
"Red Rock Deli Dip Beetroot, Feta & Cashew 150g",https://www.woolworths.com.au/shop/productdetails/703683/red-rock-deli-dip-beetroot-feta-cashew,https://www.woolworths.com.au/content/promotiontags/online-only-special-green-roundel.png,https://assets.woolworths.com.au/images/1005/703683.jpg?impolicy=wowsmkqiema&w=260&h=260,$5.00,$3.33 / 100G,,, Add to cart , Save to list 
Sa Gourmet Food Co Banana Custard 120g,https://www.woolworths.com.au/shop/productdetails/117430/sa-gourmet-food-co-banana-custard,,https://assets.woolworths.com.au/images/1005/117430.jpg?impolicy=wowsmkqiema&w=260&h=260,$1.70,$1.42 / 100G,,, Add to cart , Save to list 
Suntory Boss Coffee Iced Caramel Latte 237ml,https://www.woolworths.com.au/shop/productdetails/239021/suntory-boss-coffee-iced-caramel-latte,,https://assets.woolworths.com.au/images/1005/239021.jpg?impolicy=wowsmkqiema&w=260&h=260,$4.00,$16.88 / 1L,,, Add to cart , Save to list 
Oak Chocolate Milk 750ml,https://www.woolworths.com.au/shop/productdetails/727161/oak-chocolate-milk,,https://assets.woolworths.com.au/images/1005/727161.jpg?impolicy=wowsmkqiema&w=260&h=260,$4.50,$6.00 / 1L,,, Add to cart , Save to list 
Woolworths Classic Butter Chicken Chilled Meal 400g,https://www.woolworths.com.au/shop/productdetails/127095/woolworths-classic-butter-chicken-chilled-meal,,https://assets.woolworths.com.au/images/1005/127095.jpg?impolicy=wowsmkqiema&w=260&h=260,$8.90,$2.23 / 100G,3.6,462, Add to cart , Save to list 
Chobani No Sugar Added Greek Yogurt Mango Passion Fruit 680g,https://www.woolworths.com.au/shop/productdetails/267206/chobani-no-sugar-added-greek-yogurt-mango-passion-fruit,,https://assets.woolworths.com.au/images/1005/267206.jpg?impolicy=wowsmkqiema&w=260&h=260,$6.80,$1.00 / 100G,,, Add to cart , Save to list 
Devondale Unsalted Butter 500g,https://www.woolworths.com.au/shop/productdetails/802209/devondale-unsalted-butter,,https://assets.woolworths.com.au/images/1005/802209.jpg?impolicy=wowsmkqiema&w=260&h=260,$8.50,$1.70 / 100G,,, Add to cart , Save to list 
Nestle Milo Original Flavoured Milk Can 240ml,https://www.woolworths.com.au/shop/productdetails/95935/nestle-milo-original-flavoured-milk-can,https://www.woolworths.com.au/content/promotiontags/roundel-special-200x200.png,https://assets.woolworths.com.au/images/1005/95935.jpg?impolicy=wowsmkqiema&w=260&h=260,$2.50,$10.42 / 1L,,, Add to cart , Save to list 
Obela Spicy Harissa Garnished Hommus 220g,https://www.woolworths.com.au/shop/productdetails/923892/obela-spicy-harissa-garnished-hommus,,https://assets.woolworths.com.au/images/1005/923892.jpg?impolicy=wowsmkqiema&w=260&h=260,$5.00,$2.27 / 100G,,, Add to cart , Save to list 
Yarra Valley Double Brie 200g,https://www.woolworths.com.au/shop/productdetails/98018/yarra-valley-double-brie,,https://assets.woolworths.com.au/images/1005/98018.jpg?impolicy=wowsmkqiema&w=260&h=260,$9.40,$47.00 / 1KG,,, Add to cart , Save to list 
Yoplait Lactose Free Vanilla Yoghurt 950g,https://www.woolworths.com.au/shop/productdetails/272114/yoplait-lactose-free-vanilla-yoghurt,https://www.woolworths.com.au/content/promotiontags/roundel-special-200x200.png,https://assets.woolworths.com.au/images/1005/272114.jpg?impolicy=wowsmkqiema&w=260&h=260,$5.00,$0.53 / 100G,,, Add to cart , Save to list 
Dairy Farmers Classic Strawberry Milk 500ml,https://www.woolworths.com.au/shop/productdetails/799766/dairy-farmers-classic-strawberry-milk,,https://assets.woolworths.com.au/images/1005/799766.jpg?impolicy=wowsmkqiema&w=260&h=260,$3.40,$6.80 / 1L,,, Add to cart , Save to list 
Jarlsberg Lite Cheese Slices Sliced Cheese 150g,https://www.woolworths.com.au/shop/productdetails/930995/jarlsberg-lite-cheese-slices-sliced-cheese,,https://assets.woolworths.com.au/images/1005/930995.jpg?impolicy=wowsmkqiema&w=260&h=260,$8.05,$53.67 / 1KG,,, Add to cart , Save to list 
Strength Meals Co High Protein Moroccan Chicken With Chickpeas & Pumpkin 350g,https://www.woolworths.com.au/shop/productdetails/239176/strength-meals-co-high-protein-moroccan-chicken-with-chickpeas-pumpkin,https://www.woolworths.com.au/content/promotiontags/final_only_at_woolworths_roundel_200x200.png,https://assets.woolworths.com.au/images/1005/239176.jpg?impolicy=wowsmkqiema&w=260&h=260,$9.00,$2.57 / 100G,,, Add to cart , Save to list 
Yoplait Yop Strawberry Jam Donut Flavoured Yoghurt 130g,https://www.woolworths.com.au/shop/productdetails/265587/yoplait-yop-strawberry-jam-donut-flavoured-yoghurt,,https://assets.woolworths.com.au/images/1005/265587.jpg?impolicy=wowsmkqiema&w=260&h=260,$1.80,$1.38 / 100G,,, Add to cart , Save to list 
Allowrie Unsalted Butter 250g,https://www.woolworths.com.au/shop/productdetails/48285/allowrie-unsalted-butter,,https://assets.woolworths.com.au/images/1005/48285.jpg?impolicy=wowsmkqiema&w=260&h=260,$4.80,$1.92 / 100G,,, Add to cart , Save to list 
Cheer Cheese Slices Tasty Light 500g,https://www.woolworths.com.au/shop/productdetails/166392/cheer-cheese-slices-tasty-light,,https://assets.woolworths.com.au/images/1005/166392.jpg?impolicy=wowsmkqiema&w=260&h=260,$12.50,$25.00 / 1KG,,, Add to cart , Save to list 
Woolworths Pea & Fetta Zucchini Fritters 200g,https://www.woolworths.com.au/shop/productdetails/135505/woolworths-pea-fetta-zucchini-fritters-null,,https://assets.woolworths.com.au/images/1005/135505.jpg?impolicy=wowsmkqiema&w=260&h=260,$6.50,$3.25 / 100G,3.7,400, Add to cart , Save to list 
Chan's Yum Cha Pork & Chive Gyoza 250g,https://www.woolworths.com.au/shop/productdetails/180011/chan-s-yum-cha-pork-chive-gyoza,https://www.woolworths.com.au/content/promotiontags/roundel-special-200x200.png,https://assets.woolworths.com.au/images/1005/180011.jpg?impolicy=wowsmkqiema&w=260&h=260,$5.00,$2.00 / 100G,,, Add to cart , Save to list 
Simmone Logue Roast Chicken With Herbs De Provence 400g,https://www.woolworths.com.au/shop/productdetails/216144/simmone-logue-roast-chicken-with-herbs-de-provence,,https://assets.woolworths.com.au/images/1005/216144.jpg?impolicy=wowsmkqiema&w=260&h=260,$11.00,$2.75 / 100G,,, Add to cart , Save to list 
I Pastai Vegan Ravioli With Pumpkin Kale & Roasted Hazelnut 300g,https://www.woolworths.com.au/shop/productdetails/810786/i-pastai-vegan-ravioli-with-pumpkin-kale-roasted-hazelnut,,https://assets.woolworths.com.au/images/1005/810786.jpg?impolicy=wowsmkqiema&w=260&h=260,$8.00,$2.67 / 100G,,, Add to cart , Save to list 
Allowrie Butter 250g,https://www.woolworths.com.au/shop/productdetails/48272/allowrie-butter,,https://assets.woolworths.com.au/images/1005/48272.jpg?impolicy=wowsmkqiema&w=260&h=260,$4.80,$1.92 / 100G,,, Add to cart , Save to list 
Woolworths Plantitude Spinach & Pea Crumbed Burgers 2 Pack,https://www.woolworths.com.au/shop/productdetails/187437/woolworths-plantitude-spinach-pea-crumbed-burgers,,https://assets.woolworths.com.au/images/1005/187437.jpg?impolicy=wowsmkqiema&w=260&h=260,,,3.5,355,, Save to list 
Dairy Farmers Thick & Creamy Caramelised Fig Yoghurt 600g,https://www.woolworths.com.au/shop/productdetails/790009/dairy-farmers-thick-creamy-caramelised-fig-yoghurt,https://www.woolworths.com.au/content/promotiontags/roundel-special-200x200.png,https://assets.woolworths.com.au/images/1005/790009.jpg?impolicy=wowsmkqiema&w=260&h=260,$4.00,$0.67 / 100G,,, Add to cart , Save to list 
Dare No Added Sugar Espresso Iced Coffee 500ml,https://www.woolworths.com.au/shop/productdetails/180432/dare-no-added-sugar-espresso-iced-coffee,https://www.woolworths.com.au/content/promotiontags/roundel-special-200x200.png,https://assets.woolworths.com.au/images/1005/180432.jpg?impolicy=wowsmkqiema&w=260&h=260,$3.00,$6.00 / 1L,,, Add to cart , Save to list 
Made With Plants Dairy Free Sour Cream 250ml,https://www.woolworths.com.au/shop/productdetails/176869/made-with-plants-dairy-free-sour-cream,,https://assets.woolworths.com.au/images/1005/176869.jpg?impolicy=wowsmkqiema&w=260&h=260,$3.50,$1.40 / 100ML,,, Add to cart , Save to list 
Mersey Valley Original Vintage Cheese 180g,https://www.woolworths.com.au/shop/productdetails/302105/mersey-valley-original-vintage-cheese,,https://assets.woolworths.com.au/images/1005/302105.jpg?impolicy=wowsmkqiema&w=260&h=260,$8.70,$48.33 / 1KG,,, Add to cart , Save to list 
Mainland Swiss Cheese Slices 180g,https://www.woolworths.com.au/shop/productdetails/256248/mainland-swiss-cheese-slices,,https://assets.woolworths.com.au/images/1005/256248.jpg?impolicy=wowsmkqiema&w=260&h=260,$6.50,$36.11 / 1KG,,, Add to cart , Save to list 
South Cape Camembert Cheese 200g,https://www.woolworths.com.au/shop/productdetails/28123/south-cape-camembert-cheese,,https://assets.woolworths.com.au/images/1005/28123.jpg?impolicy=wowsmkqiema&w=260&h=260,$7.50,$37.50 / 1KG,5.0,1, Add to cart , Save to list 
Thomas Dux Ash Brie 125g,https://www.woolworths.com.au/shop/productdetails/87470/thomas-dux-ash-brie,https://www.woolworths.com.au/content/promotiontags/roundel-buy-more-save-more-200x200.png,https://assets.woolworths.com.au/images/1005/87470.jpg?impolicy=wowsmkqiema&w=260&h=260,$5.00,$40.00 / 1KG,4.6,397, Add to cart , Save to list 
Unicorn Classic Chilli Brie 125g,https://www.woolworths.com.au/shop/productdetails/96489/unicorn-classic-chilli-brie,,https://assets.woolworths.com.au/images/1005/96489.jpg?impolicy=wowsmkqiema&w=260&h=260,$5.50,$44.00 / 1KG,,, Add to cart , Save to list 
Yoplait Protein Strawberry Yoghurt 950g,https://www.woolworths.com.au/shop/productdetails/272146/yoplait-protein-strawberry-yoghurt,https://www.woolworths.com.au/content/promotiontags/roundel-special-200x200.png,https://assets.woolworths.com.au/images/1005/272146.jpg?impolicy=wowsmkqiema&w=260&h=260,$6.75,$0.71 / 100G,,, Add to cart , Save to list 
Mexican To Go Nachos Salsa Cheese 50g,https://www.woolworths.com.au/shop/productdetails/259475/mexican-to-go-nachos-salsa-cheese,,https://assets.woolworths.com.au/images/1005/259475.jpg?impolicy=wowsmkqiema&w=260&h=260,$4.00,$80.00 / 1KG,,, Add to cart , Save to list 
Tamar Valley Spiced Apple Caramel Yoghurt 170g,https://www.woolworths.com.au/shop/productdetails/276843/tamar-valley-spiced-apple-caramel-yoghurt,https://www.woolworths.com.au/content/promotiontags/roundel-special-200x200.png,https://assets.woolworths.com.au/images/1005/276843.jpg?impolicy=wowsmkqiema&w=260&h=260,$2.20,$1.29 / 100G,,, Add to cart , Save to list 
I Pastai Vegan Basil Pesto Sauce 200g,https://www.woolworths.com.au/shop/productdetails/810689/i-pastai-vegan-basil-pesto-sauce,,https://assets.woolworths.com.au/images/1005/810689.jpg?impolicy=wowsmkqiema&w=260&h=260,$8.00,$4.00 / 100G,,, Add to cart , Save to list 
Oak Thickshake Cookies & Cream 425ml,https://www.woolworths.com.au/shop/productdetails/122283/oak-thickshake-cookies-cream,,https://assets.woolworths.com.au/images/1005/122283.jpg?impolicy=wowsmkqiema&w=260&h=260,,,,,, Save to list 
President Camembert Cheese 200g,https://www.woolworths.com.au/shop/productdetails/800151/president-camembert-cheese,https://www.woolworths.com.au/content/promotiontags/roundel-special-200x200.png,https://assets.woolworths.com.au/images/1005/800151.jpg?impolicy=wowsmkqiema&w=260&h=260,$6.50,$32.50 / 1KG,,, Add to cart , Save to list 
Bulla Double Cream 200ml,https://www.woolworths.com.au/shop/productdetails/547134/bulla-double-cream,,https://assets.woolworths.com.au/images/1005/547134.jpg?impolicy=wowsmkqiema&w=260&h=260,$4.80,$2.40 / 100ML,,, Add to cart , Save to list 
Oak Vanilla Malt Milk 600ml,https://www.woolworths.com.au/shop/productdetails/9537/oak-vanilla-malt-milk,,https://assets.woolworths.com.au/images/1005/9537.jpg?impolicy=wowsmkqiema&w=260&h=260,,,,,, Save to list 
Oak Flavoured Milk Splice Pine Lime 600ml,https://www.woolworths.com.au/shop/productdetails/262746/oak-flavoured-milk-splice-pine-lime,,https://assets.woolworths.com.au/images/1005/262746.jpg?impolicy=wowsmkqiema&w=260&h=260,,,,,, Save to list 
Woolworths Plain Naans 2 Pack,https://www.woolworths.com.au/shop/productdetails/135207/woolworths-plain-naans-null,,https://assets.woolworths.com.au/images/1005/135207.jpg?impolicy=wowsmkqiema&w=260&h=260,$3.25,$1.08 / 100G,4.1,737, Add to cart , Save to list 
Obela Extra Rich Tahini Hommus 200g,https://www.woolworths.com.au/shop/productdetails/207752/obela-extra-rich-tahini-hommus,,https://assets.woolworths.com.au/images/1005/207752.jpg?impolicy=wowsmkqiema&w=260&h=260,$5.00,$2.50 / 100G,,, Add to cart , Save to list 
Simmone Logue Chicken With Tarragon & Cream Chilled Meal 400g,https://www.woolworths.com.au/shop/productdetails/215574/simmone-logue-chicken-with-tarragon-cream-chilled-meal,,https://assets.woolworths.com.au/images/1005/215574.jpg?impolicy=wowsmkqiema&w=260&h=260,$11.00,$2.75 / 100G,,, Add to cart , Save to list 
King Island Dairy Stokes Point Smoked Cheddar Cheese 170g,https://www.woolworths.com.au/shop/productdetails/331721/king-island-dairy-stokes-point-smoked-cheddar-cheese,,https://assets.woolworths.com.au/images/1005/331721.jpg?impolicy=wowsmkqiema&w=260&h=260,$10.95,$64.41 / 1KG,,, Add to cart , Save to list 
Pace Farm 12 Extra Large Vitamin D3 Enriched Free Range Eggs 700g,https://www.woolworths.com.au/shop/productdetails/139460/pace-farm-12-extra-large-vitamin-d3-enriched-free-range-eggs,,https://assets.woolworths.com.au/images/1005/139460.jpg?impolicy=wowsmkqiema&w=260&h=260,$6.95,$0.99 / 100G,,, Add to cart , Save to list 
Picasso Kitchen Big Cheese Pizza Base 550g,https://www.woolworths.com.au/shop/productdetails/217237/picasso-kitchen-big-cheese-pizza-base,,https://assets.woolworths.com.au/images/1005/217237.jpg?impolicy=wowsmkqiema&w=260&h=260,$4.50,$0.82 / 100G,,, Add to cart , Save to list 
Chris' Red Capsicum & Cashew Dip & Spread 200g,https://www.woolworths.com.au/shop/productdetails/82072/chris-red-capsicum-cashew-dip-spread,https://www.woolworths.com.au/content/promotiontags/roundel-buy-more-save-more-200x200.png,https://assets.woolworths.com.au/images/1005/82072.jpg?impolicy=wowsmkqiema&w=260&h=260,$4.00,$2.00 / 100G,,, Add to cart , Save to list 
Woolworths Goat Cheese Slices 150g,https://www.woolworths.com.au/shop/productdetails/166314/woolworths-goat-cheese-slices,,https://assets.woolworths.com.au/images/1005/166314.jpg?impolicy=wowsmkqiema&w=260&h=260,$4.60,$30.67 / 1KG,4.2,176, Add to cart , Save to list 
Tasmanian Heritage Camembert Cheese Snack 80g,https://www.woolworths.com.au/shop/productdetails/527275/tasmanian-heritage-camembert-cheese-snack,https://www.woolworths.com.au/content/promotiontags/roundel-buy-more-save-more-200x200.png,https://assets.woolworths.com.au/images/1005/527275.jpg?impolicy=wowsmkqiema&w=260&h=260,$4.80,$60.00 / 1KG,,, Add to cart , Save to list 
Obela Everday Smooth Classic Hommus 450g,https://www.woolworths.com.au/shop/productdetails/239449/obela-everday-smooth-classic-hommus,,https://assets.woolworths.com.au/images/1005/239449.jpg?impolicy=wowsmkqiema&w=260&h=260,$5.85,$1.30 / 100G,,, Add to cart , Save to list 
Woolworths Basil Pesto Arancini Bites 200g,https://www.woolworths.com.au/shop/productdetails/135208/woolworths-basil-pesto-arancini-bites-null,,https://assets.woolworths.com.au/images/1005/135208.jpg?impolicy=wowsmkqiema&w=260&h=260,$6.50,$3.25 / 100G,3.7,519, Add to cart , Save to list 
Melbourne Cheese Company Persian Fetta 250g,https://www.woolworths.com.au/shop/productdetails/31165/melbourne-cheese-company-persian-fetta,,https://assets.woolworths.com.au/images/1005/31165.jpg?impolicy=wowsmkqiema&w=260&h=260,$8.50,$34.00 / 1KG,,, Add to cart , Save to list 
Australia's Own Barista Oat Milk 1l,https://www.woolworths.com.au/shop/productdetails/272150/australia-s-own-barista-oat-milk,,https://assets.woolworths.com.au/images/1005/272150.jpg?impolicy=wowsmkqiema&w=260&h=260,$4.50,$4.50 / 1L,,, Add to cart , Save to list 
Norco Sour Cream 250g,https://www.woolworths.com.au/shop/productdetails/212604/norco-sour-cream,,https://assets.woolworths.com.au/images/1005/212604.jpg?impolicy=wowsmkqiema&w=260&h=260,$3.50,$1.40 / 100G,,, Add to cart , Save to list 
Oak Milk Iced Coffee 2l,https://www.woolworths.com.au/shop/productdetails/556119/oak-milk-iced-coffee,,https://assets.woolworths.com.au/images/1005/556119.jpg?impolicy=wowsmkqiema&w=260&h=260,$5.50,$2.75 / 1L,,, Add to cart , Save to list 
Red Rock Deli Roast Tomato Feta Basil & Cashew Dip 150g,https://www.woolworths.com.au/shop/productdetails/923912/red-rock-deli-roast-tomato-feta-basil-cashew-dip,https://www.woolworths.com.au/content/promotiontags/online-only-special-green-roundel.png,https://assets.woolworths.com.au/images/1005/923912.jpg?impolicy=wowsmkqiema&w=260&h=260,$5.00,$3.33 / 100G,,, Add to cart , Save to list 
Simply Delish Picante Authentic Mexican Dip Corn With Jalepeno & Lime 170g,https://www.woolworths.com.au/shop/productdetails/239051/simply-delish-picante-authentic-mexican-dip-corn-with-jalepeno-lime,,https://assets.woolworths.com.au/images/1005/239051.jpg?impolicy=wowsmkqiema&w=260&h=260,$4.50,$2.65 / 100G,,, Add to cart , Save to list 
South Cape Cream Cheese Apricot & Almond With Sweet Papaya 80g,https://www.woolworths.com.au/shop/productdetails/178960/south-cape-cream-cheese-apricot-almond-with-sweet-papaya,https://www.woolworths.com.au/content/promotiontags/roundel-buy-more-save-more-200x200.png,https://assets.woolworths.com.au/images/1005/178960.jpg?impolicy=wowsmkqiema&w=260&h=260,$4.80,$60.00 / 1KG,,, Add to cart , Save to list 
Vitasoy Greek Soy Yoghurt Strawberry 450g,https://www.woolworths.com.au/shop/productdetails/267031/vitasoy-greek-soy-yoghurt-strawberry,https://www.woolworths.com.au/content/promotiontags/roundel-special-200x200.png,https://assets.woolworths.com.au/images/1005/267031.jpg?impolicy=wowsmkqiema&w=260&h=260,$4.50,$1.00 / 100G,,, Add to cart , Save to list 
Simmone Logue Slow Cooked Lamb Shank With Pearl Cous Cous 400g,https://www.woolworths.com.au/shop/productdetails/215246/simmone-logue-slow-cooked-lamb-shank-with-pearl-cous-cous,,https://assets.woolworths.com.au/images/1005/215246.jpg?impolicy=wowsmkqiema&w=260&h=260,$11.00,$2.75 / 100G,,, Add to cart , Save to list 
Dairyworks Pretzel & Cheese 8 Pack 216g,https://www.woolworths.com.au/shop/productdetails/138261/dairyworks-pretzel-cheese-8-pack,,https://assets.woolworths.com.au/images/1005/138261.jpg?impolicy=wowsmkqiema&w=260&h=260,$11.00,$50.93 / 1KG,,, Add to cart , Save to list 
First Press Iced Coffee Almond Milk 350ml,https://www.woolworths.com.au/shop/productdetails/122208/first-press-iced-coffee-almond-milk,,https://assets.woolworths.com.au/images/1005/122208.jpg?impolicy=wowsmkqiema&w=260&h=260,$3.40,$9.71 / 1L,,, Add to cart , Save to list 
Perfect Italiano Perfect Bakes 150g,https://www.woolworths.com.au/shop/productdetails/94119/perfect-italiano-perfect-bakes,,https://assets.woolworths.com.au/images/1005/94119.jpg?impolicy=wowsmkqiema&w=260&h=260,$4.00,$26.67 / 1KG,,, Add to cart , Save to list 
South Cape Entertaining Platter 4 Cheese Selections 435g,https://www.woolworths.com.au/shop/productdetails/331791/south-cape-entertaining-platter-4-cheese-selections,,https://assets.woolworths.com.au/images/1005/331791.jpg?impolicy=wowsmkqiema&w=260&h=260,$22.00,$50.57 / 1KG,,, Add to cart , Save to list 
Chan's Yum Cha At Home Bbq Pork Buns 4 Pack,https://www.woolworths.com.au/shop/productdetails/153767/chan-s-yum-cha-at-home-bbq-pork-buns,https://www.woolworths.com.au/content/promotiontags/roundel-special-200x200.png,https://assets.woolworths.com.au/images/1005/153767.jpg?impolicy=wowsmkqiema&w=260&h=260,$5.00,$1.32 / 100G,,, Add to cart , Save to list 
La Casa Formaggio Mascarpone 250g,https://www.woolworths.com.au/shop/productdetails/765116/la-casa-formaggio-mascarpone,,https://assets.woolworths.com.au/images/1005/765116.jpg?impolicy=wowsmkqiema&w=260&h=260,$5.50,$22.00 / 1KG,,, Add to cart , Save to list 
South Cape Herb & Garlic Cream Cheese 200g,https://www.woolworths.com.au/shop/productdetails/312798/south-cape-herb-garlic-cream-cheese,,https://assets.woolworths.com.au/images/1005/312798.jpg?impolicy=wowsmkqiema&w=260&h=260,$6.50,$32.50 / 1KG,,, Add to cart , Save to list 
Flora Margarine Spread Salt Reduced 500g,https://www.woolworths.com.au/shop/productdetails/46066/flora-margarine-spread-salt-reduced-salt-reduced,,https://assets.woolworths.com.au/images/1005/46066.jpg?impolicy=wowsmkqiema&w=260&h=260,$5.25,$1.05 / 100G,,, Add to cart , Save to list 
Barista Bros Double Espresso No Added Sugar Flavoured Milk Bottle 500ml,https://www.woolworths.com.au/shop/productdetails/953816/barista-bros-double-espresso-no-added-sugar-flavoured-milk-bottle,https://www.woolworths.com.au/content/promotiontags/chilled-roundel.png,https://assets.woolworths.com.au/images/1005/953816.jpg?impolicy=wowsmkqiema&w=260&h=260,$3.15,$6.30 / 1L,,, Add to cart , Save to list 
Meadowlea Buttery 500g,https://www.woolworths.com.au/shop/productdetails/83113/meadowlea-buttery,,https://assets.woolworths.com.au/images/1005/83113.jpg?impolicy=wowsmkqiema&w=260&h=260,$5.00,$1.00 / 100G,,, Add to cart , Save to list 
Simmone Logue Slow Cooked Beef Brisket With Mushroom & Wine Chilled Meal 400g,https://www.woolworths.com.au/shop/productdetails/215938/simmone-logue-slow-cooked-beef-brisket-with-mushroom-wine-chilled-meal,,https://assets.woolworths.com.au/images/1005/215938.jpg?impolicy=wowsmkqiema&w=260&h=260,$11.00,$2.75 / 100G,,, Add to cart , Save to list 
Grand Italian Tuscan Finest Organic Tomato With Fresh Basil Pasta Sauce 250g,https://www.woolworths.com.au/shop/productdetails/210571/grand-italian-tuscan-finest-organic-tomato-with-fresh-basil-pasta-sauce,,https://assets.woolworths.com.au/images/1005/210571.jpg?impolicy=wowsmkqiema&w=260&h=260,$5.50,$2.20 / 100G,,, Add to cart , Save to list 
Maggie Beer Smoked Club Cheddar Aged 12+ Months 150g,https://www.woolworths.com.au/shop/productdetails/238378/maggie-beer-smoked-club-cheddar-aged-12-months,https://www.woolworths.com.au/content/promotiontags/roundel-special-200x200.png,https://assets.woolworths.com.au/images/1005/238378.jpg?impolicy=wowsmkqiema&w=260&h=260,$5.75,$38.33 / 1KG,,, Add to cart , Save to list 
Oak Milk Strawberry 750ml,https://www.woolworths.com.au/shop/productdetails/550583/oak-milk-strawberry,,https://assets.woolworths.com.au/images/1005/550583.jpg?impolicy=wowsmkqiema&w=260&h=260,$4.50,$6.00 / 1L,,, Add to cart , Save to list 
J*st Almond Milk 1l,https://www.woolworths.com.au/shop/productdetails/266670/jst-j-st-almond-milk,,https://assets.woolworths.com.au/images/1005/266670.jpg?impolicy=wowsmkqiema&w=260&h=260,$3.00,$3.00 / 1L,,, Add to cart , Save to list 
Maggie Beer Ash Triple Cream Brie 200g,https://www.woolworths.com.au/shop/productdetails/23975/maggie-beer-ash-triple-cream-brie,https://www.woolworths.com.au/content/promotiontags/roundel-special-200x200.png,https://assets.woolworths.com.au/images/1005/23975.jpg?impolicy=wowsmkqiema&w=260&h=260,$8.30,$41.50 / 1KG,,, Add to cart , Save to list 
Norco Full Cream Milk 500ml,https://www.woolworths.com.au/shop/productdetails/412172/norco-full-cream-milk,,https://assets.woolworths.com.au/images/1005/412172.jpg?impolicy=wowsmkqiema&w=260&h=260,$1.70,$3.40 / 1L,,, Add to cart , Save to list 
Dairy Farmers Classic Vanilla Slice Flavoured Milk 500ml,https://www.woolworths.com.au/shop/productdetails/239584/dairy-farmers-classic-vanilla-slice-flavoured-milk,,https://assets.woolworths.com.au/images/1005/239584.jpg?impolicy=wowsmkqiema&w=260&h=260,$3.40,$6.80 / 1L,,, Add to cart , Save to list 
Chobani No Sugar Added Greek Yogurt Strawberry 680g,https://www.woolworths.com.au/shop/productdetails/276225/chobani-no-sugar-added-greek-yogurt-strawberry,,https://assets.woolworths.com.au/images/1005/276225.jpg?impolicy=wowsmkqiema&w=260&h=260,$6.80,$1.00 / 100G,,, Add to cart , Save to list 
Lemnos Paneer Cheese 200g,https://www.woolworths.com.au/shop/productdetails/185281/lemnos-paneer-cheese,,https://assets.woolworths.com.au/images/1005/185281.jpg?impolicy=wowsmkqiema&w=260&h=260,$8.00,$40.00 / 1KG,,, Add to cart , Save to list 
South Cape Cracked Pepper Cream Cheese 200g,https://www.woolworths.com.au/shop/productdetails/312801/south-cape-cracked-pepper-cream-cheese,,https://assets.woolworths.com.au/images/1005/312801.jpg?impolicy=wowsmkqiema&w=260&h=260,$6.50,$32.50 / 1KG,,, Add to cart , Save to list 
Thomas Dux Italian Parmigiano Reggiano Over 30 Months Matured 200g,https://www.woolworths.com.au/shop/productdetails/140168/thomas-dux-italian-parmigiano-reggiano-over-30-months-matured,https://www.woolworths.com.au/content/promotiontags/royal-tasmanian-fine-food-awards-2022-gold.png,https://assets.woolworths.com.au/images/1005/140168.jpg?impolicy=wowsmkqiema&w=260&h=260,$12.50,$62.50 / 1KG,4.7,1371, Add to cart , Save to list 
Farmers Union Plus Pourable Mango Yoghurt Drink 750g,https://www.woolworths.com.au/shop/productdetails/243610/farmers-union-plus-pourable-mango-yoghurt-drink,https://www.woolworths.com.au/content/promotiontags/roundel-special-200x200.png,https://assets.woolworths.com.au/images/1005/243610.jpg?impolicy=wowsmkqiema&w=260&h=260,$4.00,$0.53 / 100G,,, Add to cart , Save to list 
Maggie Beer Traditional Camembert 200g,https://www.woolworths.com.au/shop/productdetails/691289/maggie-beer-traditional-camembert,https://www.woolworths.com.au/content/promotiontags/roundel-special-200x200.png,https://assets.woolworths.com.au/images/1005/691289.jpg?impolicy=wowsmkqiema&w=260&h=260,$8.30,$41.50 / 1KG,,, Add to cart , Save to list 
Mainland Edam Cheese Slices 180g,https://www.woolworths.com.au/shop/productdetails/255401/mainland-edam-cheese-slices,,https://assets.woolworths.com.au/images/1005/255401.jpg?impolicy=wowsmkqiema&w=260&h=260,$6.50,$36.11 / 1KG,,, Add to cart , Save to list 
Latina Fresh Creamy Spinach Pasta Sauce 425g,https://www.woolworths.com.au/shop/productdetails/215002/latina-fresh-creamy-spinach-pasta-sauce,,https://assets.woolworths.com.au/images/1005/215002.jpg?impolicy=wowsmkqiema&w=260&h=260,$7.00,$1.65 / 100G,,, Add to cart , Save to list 
Castello Tropical Fruit And Almond Cream Cheese 125g,https://www.woolworths.com.au/shop/productdetails/33782/castello-tropical-fruit-and-almond-cream-cheese,,https://assets.woolworths.com.au/images/1005/33782.jpg?impolicy=wowsmkqiema&w=260&h=260,$6.00,$48.00 / 1KG,,, Add to cart , Save to list 
"Chris' Heritage Dips Blue Cheese, Fig & Pistachio 170g",https://www.woolworths.com.au/shop/productdetails/823695/chris-heritage-dips-blue-cheese-fig-pistachio,https://www.woolworths.com.au/content/promotiontags/roundel-special-200x200.png,https://assets.woolworths.com.au/images/1005/823695.jpg?impolicy=wowsmkqiema&w=260&h=260,$7.00,$4.12 / 100G,,, Add to cart , Save to list 
Lake Macquarie 6 Large Free Range Eggs 350g,https://www.woolworths.com.au/shop/productdetails/101566/lake-macquarie-6-large-free-range-eggs,,https://assets.woolworths.com.au/images/1005/101566.jpg?impolicy=wowsmkqiema&w=260&h=260,$4.00,$1.14 / 100G,,, Add to cart , Save to list 
Nuffin Beetroot Dip 200g,https://www.woolworths.com.au/shop/productdetails/239188/nuffin-beetroot-dip,https://www.woolworths.com.au/content/promotiontags/roundel-special-200x200.png,https://assets.woolworths.com.au/images/1005/239188.jpg?impolicy=wowsmkqiema&w=260&h=260,$4.00,$2.00 / 100G,,, Add to cart , Save to list 
25degrees South Ravioli Pumpkin Ricotta Chilled 325g,https://www.woolworths.com.au/shop/productdetails/214783/25degrees-south-ravioli-pumpkin-ricotta-chilled,https://www.woolworths.com.au/content/promotiontags/roundel-special-200x200.png,https://assets.woolworths.com.au/images/1005/214783.jpg?impolicy=wowsmkqiema&w=260&h=260,$6.50,$2.00 / 100G,,, Add to cart , Save to list 
Birch & Waite Creamy Parmesan & Pepper Sauce 200g,https://www.woolworths.com.au/shop/productdetails/215072/birch-waite-creamy-parmesan-pepper-sauce,,https://assets.woolworths.com.au/images/1005/215072.jpg?impolicy=wowsmkqiema&w=260&h=260,$6.50,$3.25 / 100G,,, Add to cart , Save to list 
King Island Dairy Roaring 40s Blue Cheese 120g,https://www.woolworths.com.au/shop/productdetails/774405/king-island-dairy-roaring-40s-blue-cheese-blue-cheese,,https://assets.woolworths.com.au/images/1005/774405.jpg?impolicy=wowsmkqiema&w=260&h=260,,,,,, Save to list 
Melbourne Cheese Company Fetta Garlic & Herbs 250g,https://www.woolworths.com.au/shop/productdetails/29121/melbourne-cheese-company-fetta-garlic-herbs,,https://assets.woolworths.com.au/images/1005/29121.jpg?impolicy=wowsmkqiema&w=260&h=260,$8.50,$34.00 / 1KG,,, Add to cart , Save to list 
Oak Vanilla Malt Milk 2l,https://www.woolworths.com.au/shop/productdetails/157312/oak-vanilla-malt-milk,https://www.woolworths.com.au/content/promotiontags/final_only_at_woolworths_roundel_200x200.png,https://assets.woolworths.com.au/images/1005/157312.jpg?impolicy=wowsmkqiema&w=260&h=260,$5.50,$2.75 / 1L,,, Add to cart , Save to list 
Castello Mini Cheeses Creamy Blue 5 Pack,https://www.woolworths.com.au/shop/productdetails/117369/castello-mini-cheeses-creamy-blue,,https://assets.woolworths.com.au/images/1005/117369.jpg?impolicy=wowsmkqiema&w=260&h=260,$6.30,$66.32 / 1KG,,, Add to cart , Save to list 
Red Rock Deli Classics Sweet Chilli & Sour Cream 190g,https://www.woolworths.com.au/shop/productdetails/176969/red-rock-deli-classics-sweet-chilli-sour-cream,https://www.woolworths.com.au/content/promotiontags/roundel-buy-more-save-more-200x200.png,https://assets.woolworths.com.au/images/1005/176969.jpg?impolicy=wowsmkqiema&w=260&h=260,$4.50,$2.37 / 100G,,, Add to cart , Save to list 
J*st Oat Milk 1l,https://www.woolworths.com.au/shop/productdetails/269103/jst-j-st-oat-milk,,https://assets.woolworths.com.au/images/1005/269103.jpg?impolicy=wowsmkqiema&w=260&h=260,$3.00,$3.00 / 1L,,, Add to cart , Save to list 
So Good High Protein Almond 1l,https://www.woolworths.com.au/shop/productdetails/171712/so-good-high-protein-almond,,https://assets.woolworths.com.au/images/1005/171712.jpg?impolicy=wowsmkqiema&w=260&h=260,$3.40,$3.40 / 1L,,, Add to cart , Save to list 
Woolworths Macaroni & Cheese Chilled Meal 1.1kg,https://www.woolworths.com.au/shop/productdetails/161980/woolworths-macaroni-cheese-chilled-meal,,https://assets.woolworths.com.au/images/1005/161980.jpg?impolicy=wowsmkqiema&w=260&h=260,$13.50,$1.23 / 100G,3.8,373, Add to cart , Save to list 
Chris' Plant Based Guacamole Dip 200g,https://www.woolworths.com.au/shop/productdetails/82863/chris-plant-based-guacamole-dip,https://www.woolworths.com.au/content/promotiontags/roundel-buy-more-save-more-200x200.png,https://assets.woolworths.com.au/images/1005/82863.jpg?impolicy=wowsmkqiema&w=260&h=260,$4.00,$2.00 / 100G,,, Add to cart , Save to list 
Woolworths Mushroom Arancini Bites 200g,https://www.woolworths.com.au/shop/productdetails/135210/woolworths-mushroom-arancini-bites-null,,https://assets.woolworths.com.au/images/1005/135210.jpg?impolicy=wowsmkqiema&w=260&h=260,$6.50,$3.25 / 100G,3.6,550, Add to cart , Save to list 
Thomas Dux Spanish Truffle Sheep's Cheese From The Deli Per Kg,https://www.woolworths.com.au/shop/productdetails/139501/thomas-dux-spanish-truffle-sheep-s-cheese-from-the-deli,,https://assets.woolworths.com.au/images/1005/139501.jpg?impolicy=wowsmkqiema&w=260&h=260,$78.00,$78.00 / 1KG,4.1,190, Add to cart , Save to list 
Bio Dairy Free Cheese Spread 150g,https://www.woolworths.com.au/shop/productdetails/107323/bio-dairy-free-cheese-spread,,https://assets.woolworths.com.au/images/1005/107323.jpg?impolicy=wowsmkqiema&w=260&h=260,$7.00,$46.67 / 1KG,,, Add to cart , Save to list 
"Woolworths Calorie Controlled Ricotta, Pumpkin & Spinach Cannelloni 350g",https://www.woolworths.com.au/shop/productdetails/183800/woolworths-calorie-controlled-ricotta-pumpkin-spinach-cannelloni,https://www.woolworths.com.au/content/promotiontags/roundel-buy-more-save-more-200x200.png,https://assets.woolworths.com.au/images/1005/183800.jpg?impolicy=wowsmkqiema&w=260&h=260,$7.00,$2.00 / 100G,3.6,395, Add to cart , Save to list 
"Ipastai High Protein Low Carb Ravioli Chicken, Lemon & Thyme 300g",https://www.woolworths.com.au/shop/productdetails/239435/ipastai-high-protein-low-carb-ravioli-chicken-lemon-thyme,https://www.woolworths.com.au/content/promotiontags/online-only-special-green-roundel.png,https://assets.woolworths.com.au/images/1005/239435.jpg?impolicy=wowsmkqiema&w=260&h=260,$7.50,$2.50 / 100G,,, Add to cart , Save to list 
Woolworths Chargrilled Chicken Dinner Chilled Meal 350g,https://www.woolworths.com.au/shop/productdetails/824662/woolworths-chargrilled-chicken-dinner-chilled-meal,,https://assets.woolworths.com.au/images/1005/824662.jpg?impolicy=wowsmkqiema&w=260&h=260,$10.00,$2.86 / 100G,5.0,1, Add to cart , Save to list 
Woolworths Pumpkin & Ricotta Ravioli With Caramelised Onion 350g,https://www.woolworths.com.au/shop/productdetails/167683/woolworths-pumpkin-ricotta-ravioli-with-caramelised-onion,,https://assets.woolworths.com.au/images/1005/167683.jpg?impolicy=wowsmkqiema&w=260&h=260,$7.00,$2.00 / 100G,4.3,448, Add to cart , Save to list 
Don Stix Hot Salami & Tasty Cheese 40g,https://www.woolworths.com.au/shop/productdetails/218851/don-stix-hot-salami-tasty-cheese,,https://assets.woolworths.com.au/images/1005/218851.jpg?impolicy=wowsmkqiema&w=260&h=260,$2.50,$62.50 / 1KG,,, Add to cart , Save to list 
Farmers Union Plus Pourable Plain Yoghurt Drink 750g,https://www.woolworths.com.au/shop/productdetails/243633/farmers-union-plus-pourable-plain-yoghurt-drink,https://www.woolworths.com.au/content/promotiontags/roundel-special-200x200.png,https://assets.woolworths.com.au/images/1005/243633.jpg?impolicy=wowsmkqiema&w=260&h=260,$4.00,$0.53 / 100G,,, Add to cart , Save to list 
Mon Ami French Brie Cheese 200g,https://www.woolworths.com.au/shop/productdetails/726490/mon-ami-french-brie-cheese,,https://assets.woolworths.com.au/images/1005/726490.jpg?impolicy=wowsmkqiema&w=260&h=260,$6.40,$32.00 / 1KG,,, Add to cart , Save to list 
Devondale Butter 500g,https://www.woolworths.com.au/shop/productdetails/41421/devondale-butter,,https://assets.woolworths.com.au/images/1005/41421.jpg?impolicy=wowsmkqiema&w=260&h=260,$8.50,$1.70 / 100G,,, Add to cart , Save to list 
Hunter Belle Full Cream Milk Unhomogenised 2l,https://www.woolworths.com.au/shop/productdetails/700423/hunter-belle-full-cream-milk-unhomogenised,https://www.woolworths.com.au/content/promotiontags/supporting-aus-milk-roundel-200x200.png,https://assets.woolworths.com.au/images/1005/700423.jpg?impolicy=wowsmkqiema&w=260&h=260,$5.95,$2.98 / 1L,,, Add to cart , Save to list 
Igor Gorgonzola Casaleonardi 195g,https://www.woolworths.com.au/shop/productdetails/146232/igor-gorgonzola-casaleonardi,,https://assets.woolworths.com.au/images/1005/146232.jpg?impolicy=wowsmkqiema&w=260&h=260,$8.50,$43.59 / 1KG,,, Add to cart , Save to list 
Birch & Waite Pad Thai Stir Fry Sauce 200g,https://www.woolworths.com.au/shop/productdetails/239543/birch-waite-pad-thai-stir-fry-sauce,,https://assets.woolworths.com.au/images/1005/239543.jpg?impolicy=wowsmkqiema&w=260&h=260,$6.50,$3.25 / 100G,,, Add to cart , Save to list 
Jarlsberg Wedge 230g,https://www.woolworths.com.au/shop/productdetails/161629/jarlsberg-wedge,,https://assets.woolworths.com.au/images/1005/161629.jpg?impolicy=wowsmkqiema&w=260&h=260,$9.85,$42.83 / 1KG,,, Add to cart , Save to list 
Tasmanian Heritage Camembert Cheese 125g,https://www.woolworths.com.au/shop/productdetails/2205/tasmanian-heritage-camembert-cheese,,https://assets.woolworths.com.au/images/1005/2205.jpg?impolicy=wowsmkqiema&w=260&h=260,$7.50,$60.00 / 1KG,,, Add to cart , Save to list 
Boursin Garlic & Herb Cheese 80g,https://www.woolworths.com.au/shop/productdetails/64393/boursin-garlic-herb-cheese,,https://assets.woolworths.com.au/images/1005/64393.jpg?impolicy=wowsmkqiema&w=260&h=260,$7.90,$102.60 / 1KG,,, Add to cart , Save to list 
Chobani No Sugar Added Greek Yogurt Vanilla 680g,https://www.woolworths.com.au/shop/productdetails/267204/chobani-no-sugar-added-greek-yogurt-vanilla,,https://assets.woolworths.com.au/images/1005/267204.jpg?impolicy=wowsmkqiema&w=260&h=260,$6.80,$1.00 / 100G,,, Add to cart , Save to list 
Oak Banana Flavoured Milk 600ml,https://www.woolworths.com.au/shop/productdetails/378561/oak-banana-flavoured-milk,https://www.woolworths.com.au/content/promotiontags/roundel-special-200x200.png,https://assets.woolworths.com.au/images/1005/378561.jpg?impolicy=wowsmkqiema&w=260&h=260,$2.90,$4.83 / 1L,,, Add to cart , Save to list 
Macro Beetroot Hummus With Dukkah 180g,https://www.woolworths.com.au/shop/productdetails/136996/macro-beetroot-hummus-with-dukkah,,https://assets.woolworths.com.au/images/1005/136996.jpg?impolicy=wowsmkqiema&w=260&h=260,$4.00,$2.22 / 100G,4.3,621, Add to cart , Save to list 
Mersey Valley Pickled Onion Cheddar Cheese 235g,https://www.woolworths.com.au/shop/productdetails/250852/mersey-valley-pickled-onion-cheddar-cheese,,https://assets.woolworths.com.au/images/1005/250852.jpg?impolicy=wowsmkqiema&w=260&h=260,$9.90,$42.13 / 1KG,,, Add to cart , Save to list 
Vaalia Probiotics Yoghurt Tropical Fruit 4 Pack,https://www.woolworths.com.au/shop/productdetails/276195/vaalia-probiotics-yoghurt-tropical-fruit,,https://assets.woolworths.com.au/images/1005/276195.jpg?impolicy=wowsmkqiema&w=260&h=260,$5.30,$0.88 / 100G,,, Add to cart , Save to list 
Chan's Yum Cha Vegetable Curry Puff 5 Pack,https://www.woolworths.com.au/shop/productdetails/148414/chan-s-yum-cha-vegetable-curry-puff,https://www.woolworths.com.au/content/promotiontags/roundel-special-200x200.png,https://assets.woolworths.com.au/images/1005/148414.jpg?impolicy=wowsmkqiema&w=260&h=260,$5.00,$2.50 / 100G,,, Add to cart , Save to list 
Woolworths Slow Cooked Pork Rigatoni Roasted Capsicum Chilled Meal 350g,https://www.woolworths.com.au/shop/productdetails/134232/woolworths-slow-cooked-pork-rigatoni-roasted-capsicum-chilled-meal,,https://assets.woolworths.com.au/images/1005/134232.jpg?impolicy=wowsmkqiema&w=260&h=260,$10.00,$2.86 / 100G,3.2,641, Add to cart , Save to list 
Oak Thickshake Hokey Pokey 425ml,https://www.woolworths.com.au/shop/productdetails/180110/oak-thickshake-hokey-pokey,,https://assets.woolworths.com.au/images/1005/180110.jpg?impolicy=wowsmkqiema&w=260&h=260,,,,,, Save to list 
The Coach House Dairy Chocolate Milk 300ml,https://www.woolworths.com.au/shop/productdetails/865382/the-coach-house-dairy-chocolate-milk,,https://assets.woolworths.com.au/images/1005/865382.jpg?impolicy=wowsmkqiema&w=260&h=260,$3.55,$11.83 / 1L,,, Add to cart , Save to list 
Violet Crumble Chocolate Honeycomb Milk 500ml,https://www.woolworths.com.au/shop/productdetails/157933/violet-crumble-chocolate-honeycomb-milk,https://www.woolworths.com.au/content/promotiontags/roundel-special-200x200.png,https://assets.woolworths.com.au/images/1005/157933.jpg?impolicy=wowsmkqiema&w=260&h=260,$4.00,$8.00 / 1L,,, Add to cart , Save to list 
Woolworths Hearty Vegetable Lasagne 700g,https://www.woolworths.com.au/shop/productdetails/78197/woolworths-hearty-vegetable-lasagne-null,,https://assets.woolworths.com.au/images/1005/78197.jpg?impolicy=wowsmkqiema&w=260&h=260,,,3.5,234,, Save to list 
Coyo Organic Coconut Yoghurt Greek Style 500g,https://www.woolworths.com.au/shop/productdetails/271260/coyo-organic-coconut-yoghurt-greek-style,,https://assets.woolworths.com.au/images/1005/271260.jpg?impolicy=wowsmkqiema&w=260&h=260,$8.50,$1.70 / 100G,,, Add to cart , Save to list 
Grand Italian Pan Fry Gnocchi Three Cheese 400g,https://www.woolworths.com.au/shop/productdetails/212040/grand-italian-pan-fry-gnocchi-three-cheese,https://www.woolworths.com.au/content/promotiontags/roundel-special-200x200.png,https://assets.woolworths.com.au/images/1005/212040.jpg?impolicy=wowsmkqiema&w=260&h=260,$6.00,$1.50 / 100G,5.0,1, Add to cart , Save to list 
Pauls Farmhouse Gold Custard Vanilla 800g,https://www.woolworths.com.au/shop/productdetails/551858/pauls-farmhouse-gold-custard-vanilla-vanilla,,https://assets.woolworths.com.au/images/1005/551858.jpg?impolicy=wowsmkqiema&w=260&h=260,$6.90,$0.86 / 100G,,, Add to cart , Save to list 
Frico Gouda Wedge 265g,https://www.woolworths.com.au/shop/productdetails/715950/frico-gouda-wedge,,https://assets.woolworths.com.au/images/1005/715950.jpg?impolicy=wowsmkqiema&w=260&h=260,$9.50,$36.54 / 1KG,,, Add to cart , Save to list 
Lake Macquarie 12 Jumbo Free Range Eggs 800g,https://www.woolworths.com.au/shop/productdetails/101565/lake-macquarie-12-jumbo-free-range-eggs,,https://assets.woolworths.com.au/images/1005/101565.jpg?impolicy=wowsmkqiema&w=260&h=260,$7.50,$0.94 / 100G,,, Add to cart , Save to list 
Hunt And Brew Cold Brew Coffee Brazil 400ml,https://www.woolworths.com.au/shop/productdetails/621268/hunt-and-brew-cold-brew-coffee-brazil,,https://assets.woolworths.com.au/images/1005/621268.jpg?impolicy=wowsmkqiema&w=260&h=260,$4.95,$12.38 / 1L,,, Add to cart , Save to list 
Woolworths Calorie Controlled Beef Casserole With Mash 350g,https://www.woolworths.com.au/shop/productdetails/183797/woolworths-calorie-controlled-beef-casserole-with-mash,https://www.woolworths.com.au/content/promotiontags/roundel-buy-more-save-more-200x200.png,https://assets.woolworths.com.au/images/1005/183797.jpg?impolicy=wowsmkqiema&w=260&h=260,$7.00,$2.00 / 100G,3.2,592, Add to cart , Save to list 
Oak Plus No Sugar Added Chocolate 500ml,https://www.woolworths.com.au/shop/productdetails/121502/oak-plus-no-sugar-added-chocolate,,https://assets.woolworths.com.au/images/1005/121502.jpg?impolicy=wowsmkqiema&w=260&h=260,,,,,, Save to list 
Latina Fresh Carbonara Pasta Bake 350g,https://www.woolworths.com.au/shop/productdetails/238635/latina-fresh-carbonara-pasta-bake,,https://assets.woolworths.com.au/images/1005/238635.jpg?impolicy=wowsmkqiema&w=260&h=260,$7.50,$2.14 / 100G,,, Add to cart , Save to list 
Lemnos Haloumi Cyprus Style 600g,https://www.woolworths.com.au/shop/productdetails/193964/lemnos-haloumi-cyprus-style,,https://assets.woolworths.com.au/images/1005/193964.jpg?impolicy=wowsmkqiema&w=260&h=260,$16.00,$26.67 / 1KG,,, Add to cart , Save to list 
Meredith Dairy Dill Cheese 150g,https://www.woolworths.com.au/shop/productdetails/330227/meredith-dairy-dill-cheese,,https://assets.woolworths.com.au/images/1005/330227.jpg?impolicy=wowsmkqiema&w=260&h=260,$9.00,$60.00 / 1KG,,, Add to cart , Save to list 
Naturli Plant Based Beef Mince 500g,https://www.woolworths.com.au/shop/productdetails/212801/naturli-plant-based-beef-mince-moisturising-spf15,,https://assets.woolworths.com.au/images/1005/212801.jpg?impolicy=wowsmkqiema&w=260&h=260,$8.00,$16.00 / 1KG,,, Add to cart , Save to list 
Mainland Lunch On The Go Sweet Chilli Relish 110g,https://www.woolworths.com.au/shop/productdetails/256251/mainland-lunch-on-the-go-sweet-chilli-relish,,https://assets.woolworths.com.au/images/1005/256251.jpg?impolicy=wowsmkqiema&w=260&h=260,$5.00,$45.45 / 1KG,,, Add to cart , Save to list 
Mainland Spreadable Garlic & Herbs Butter Blend 225g,https://www.woolworths.com.au/shop/productdetails/172102/mainland-spreadable-garlic-herbs-butter-blend,,https://assets.woolworths.com.au/images/1005/172102.jpg?impolicy=wowsmkqiema&w=260&h=260,$5.20,$2.31 / 100G,,, Add to cart , Save to list 
Plant Asia Plant-based Roast Duck 360g,https://www.woolworths.com.au/shop/productdetails/65242/plant-asia-plant-based-roast-duck,,https://assets.woolworths.com.au/images/1005/65242.jpg?impolicy=wowsmkqiema&w=260&h=260,$9.00,$25.00 / 1KG,,, Add to cart , Save to list 
Cadbury Caramello Chocolate Mousse 80g X 2 Pack,https://www.woolworths.com.au/shop/productdetails/248605/cadbury-caramello-chocolate-mousse,https://www.woolworths.com.au/content/promotiontags/roundel-special-200x200.png,https://assets.woolworths.com.au/images/1005/248605.jpg?impolicy=wowsmkqiema&w=260&h=260,$5.00,$3.13 / 100G,,, Add to cart , Save to list 
Nakula Plant Based Vanilla Flavoured Custard 500g,https://www.woolworths.com.au/shop/productdetails/171299/nakula-plant-based-vanilla-flavoured-custard,,https://assets.woolworths.com.au/images/1005/171299.jpg?impolicy=wowsmkqiema&w=260&h=260,$6.00,$1.20 / 100G,,, Add to cart , Save to list 
Norco Pure Jersey Milk 2l,https://www.woolworths.com.au/shop/productdetails/896367/norco-pure-jersey-milk,,https://assets.woolworths.com.au/images/1005/896367.jpg?impolicy=wowsmkqiema&w=260&h=260,$6.00,$3.00 / 1L,,, Add to cart , Save to list 
Castello Marinated Fetta Cubes 265g,https://www.woolworths.com.au/shop/productdetails/95977/castello-marinated-fetta-cubes,,https://assets.woolworths.com.au/images/1005/95977.jpg?impolicy=wowsmkqiema&w=260&h=260,$7.00,$26.42 / 1KG,,, Add to cart , Save to list 
Norco Elbo Style Cheese Slices 250g,https://www.woolworths.com.au/shop/productdetails/647408/norco-elbo-style-cheese-slices,,https://assets.woolworths.com.au/images/1005/647408.jpg?impolicy=wowsmkqiema&w=260&h=260,$7.90,$31.60 / 1KG,,, Add to cart , Save to list 
Bergbaron Reserve Cheese 200g,https://www.woolworths.com.au/shop/productdetails/238740/bergbaron-reserve-cheese,,https://assets.woolworths.com.au/images/1005/238740.jpg?impolicy=wowsmkqiema&w=260&h=260,$7.00,$35.00 / 1KG,,, Add to cart , Save to list 
Chobani Oat Yogurt Strawberry Dairy Free 500g,https://www.woolworths.com.au/shop/productdetails/267145/chobani-oat-yogurt-strawberry-dairy-free,,https://assets.woolworths.com.au/images/1005/267145.jpg?impolicy=wowsmkqiema&w=260&h=260,$6.50,$1.30 / 100G,,, Add to cart , Save to list 
25degrees South Three Cheese Ravioli Chilled 325g,https://www.woolworths.com.au/shop/productdetails/213120/25degrees-south-three-cheese-ravioli-chilled,https://www.woolworths.com.au/content/promotiontags/roundel-special-200x200.png,https://assets.woolworths.com.au/images/1005/213120.jpg?impolicy=wowsmkqiema&w=260&h=260,$6.50,$2.00 / 100G,,, Add to cart , Save to list 
Woolworths Free Range Egg Spinich & Ricotta Ravioli 350g,https://www.woolworths.com.au/shop/productdetails/167682/woolworths-free-range-egg-spinich-ricotta-ravioli,,https://assets.woolworths.com.au/images/1005/167682.jpg?impolicy=wowsmkqiema&w=260&h=260,$7.00,$2.00 / 100G,4.6,481, Add to cart , Save to list 
Mexican To Go Nachos Chipotle Cheese 50g,https://www.woolworths.com.au/shop/productdetails/259492/mexican-to-go-nachos-chipotle-cheese,,https://assets.woolworths.com.au/images/1005/259492.jpg?impolicy=wowsmkqiema&w=260&h=260,$4.00,$80.00 / 1KG,,, Add to cart , Save to list 
Woolworths Slow Cooked Beef Ragu Lasagne 1.3kg,https://www.woolworths.com.au/shop/productdetails/161994/woolworths-slow-cooked-beef-ragu-lasagne-null,,https://assets.woolworths.com.au/images/1005/161994.jpg?impolicy=wowsmkqiema&w=260&h=260,$19.50,$1.50 / 100G,3.7,64, Add to cart , Save to list 
Pauls Bluey Banana Flavoured Milk 250ml,https://www.woolworths.com.au/shop/productdetails/214369/pauls-bluey-banana-flavoured-milk,,https://assets.woolworths.com.au/images/1005/214369.jpg?impolicy=wowsmkqiema&w=260&h=260,$2.25,$9.00 / 1L,,, Add to cart , Save to list 
Mersey Valley Club Cheddar Vintage Summer Fruits 80g,https://www.woolworths.com.au/shop/productdetails/238249/mersey-valley-club-cheddar-vintage-summer-fruits,https://www.woolworths.com.au/content/promotiontags/roundel-buy-more-save-more-200x200.png,https://assets.woolworths.com.au/images/1005/238249.jpg?impolicy=wowsmkqiema&w=260&h=260,$4.80,$60.00 / 1KG,,, Add to cart , Save to list 
Yarra Valley Cheese Salted Honey Cow 120g,https://www.woolworths.com.au/shop/productdetails/638913/yarra-valley-cheese-salted-honey-cow,,https://assets.woolworths.com.au/images/1005/638913.jpg?impolicy=wowsmkqiema&w=260&h=260,$5.90,$49.17 / 1KG,,, Add to cart , Save to list 
Made With Plants Dairy Free Thickened Cream 250ml,https://www.woolworths.com.au/shop/productdetails/176890/made-with-plants-dairy-free-thickened-cream,,https://assets.woolworths.com.au/images/1005/176890.jpg?impolicy=wowsmkqiema&w=260&h=260,$3.50,$1.40 / 100ML,,, Add to cart , Save to list 
Mersey Valley Jalapeno Cheese 80g,https://www.woolworths.com.au/shop/productdetails/98090/mersey-valley-jalapeno-cheese,https://www.woolworths.com.au/content/promotiontags/roundel-buy-more-save-more-200x200.png,https://assets.woolworths.com.au/images/1005/98090.jpg?impolicy=wowsmkqiema&w=260&h=260,$4.80,$60.00 / 1KG,,, Add to cart , Save to list 
Chris' Hommus Dip & Middle Eastern Dukkah 170g,https://www.woolworths.com.au/shop/productdetails/239839/chris-hommus-dip-middle-eastern-dukkah,https://www.woolworths.com.au/content/promotiontags/roundel-special-200x200.png,https://assets.woolworths.com.au/images/1005/239839.jpg?impolicy=wowsmkqiema&w=260&h=260,$5.50,$3.24 / 100G,,, Add to cart , Save to list 
Delre Sweberg Swiss Per Kg,https://www.woolworths.com.au/shop/productdetails/241656/delre-sweberg-swiss,,https://assets.woolworths.com.au/images/1005/241656.jpg?impolicy=wowsmkqiema&w=260&h=260,$26.00,$26.00 / 1KG,,, Add to cart , Save to list 
Woolworths Calorie Controlled Butter Chicken With Rice 350g,https://www.woolworths.com.au/shop/productdetails/183798/woolworths-calorie-controlled-butter-chicken-with-rice,https://www.woolworths.com.au/content/promotiontags/roundel-buy-more-save-more-200x200.png,https://assets.woolworths.com.au/images/1005/183798.jpg?impolicy=wowsmkqiema&w=260&h=260,$7.00,$2.00 / 100G,3.5,391, Add to cart , Save to list 
Mon Ami Mild & Creamy Camembert Petit 125g,https://www.woolworths.com.au/shop/productdetails/218930/mon-ami-mild-creamy-camembert-petit,https://www.woolworths.com.au/content/promotiontags/roundel-special-200x200.png,https://assets.woolworths.com.au/images/1005/218930.jpg?impolicy=wowsmkqiema&w=260&h=260,$4.00,$32.00 / 1KG,,, Add to cart , Save to list 
Mon Ami French Camembert Cheese 200g,https://www.woolworths.com.au/shop/productdetails/751148/mon-ami-french-camembert-cheese,,https://assets.woolworths.com.au/images/1005/751148.jpg?impolicy=wowsmkqiema&w=260&h=260,$6.40,$32.00 / 1KG,,, Add to cart , Save to list 
"Red Rock Deli Thai Chilli, Lime & Cashews 150g",https://www.woolworths.com.au/shop/productdetails/206977/red-rock-deli-thai-chilli-lime-cashews,https://www.woolworths.com.au/content/promotiontags/online-only-special-green-roundel.png,https://assets.woolworths.com.au/images/1005/206977.jpg?impolicy=wowsmkqiema&w=260&h=260,$5.00,$3.33 / 100G,,, Add to cart , Save to list 
Happy Hens Egg Farm 12 Extra Large Free Range Organic Eggs 700g,https://www.woolworths.com.au/shop/productdetails/83430/happy-hens-egg-farm-12-extra-large-free-range-organic-eggs,,https://assets.woolworths.com.au/images/1005/83430.jpg?impolicy=wowsmkqiema&w=260&h=260,$12.00,$1.71 / 100G,,, Add to cart , Save to list 
Oak Strawberry Flavoured Milk 300ml,https://www.woolworths.com.au/shop/productdetails/757154/oak-strawberry-flavoured-milk,,https://assets.woolworths.com.au/images/1005/757154.jpg?impolicy=wowsmkqiema&w=260&h=260,$2.80,$9.33 / 1L,,, Add to cart , Save to list 
Pauls Violet Crumble Choc Honeycomb Custard 170g,https://www.woolworths.com.au/shop/productdetails/243221/pauls-violet-crumble-choc-honeycomb-custard,,https://assets.woolworths.com.au/images/1005/243221.jpg?impolicy=wowsmkqiema&w=260&h=260,$3.00,$1.76 / 100G,,, Add to cart , Save to list 
South Cape Cream Cheese Sweet Chilli 80g,https://www.woolworths.com.au/shop/productdetails/178450/south-cape-cream-cheese-sweet-chilli,https://www.woolworths.com.au/content/promotiontags/roundel-buy-more-save-more-200x200.png,https://assets.woolworths.com.au/images/1005/178450.jpg?impolicy=wowsmkqiema&w=260&h=260,$4.80,$60.00 / 1KG,,, Add to cart , Save to list 
Devondale Full Cream Milk Powder 1kg,https://www.woolworths.com.au/shop/productdetails/750005/devondale-full-cream-milk-powder,,https://assets.woolworths.com.au/images/1005/750005.jpg?impolicy=wowsmkqiema&w=260&h=260,$16.50,$1.65 / 100G,,, Add to cart , Save to list 
"Chris' Deli Avocado, Feta & Spicy Jalapeno 170g",https://www.woolworths.com.au/shop/productdetails/178962/chris-deli-avocado-feta-spicy-jalapeno,,https://assets.woolworths.com.au/images/1005/178962.jpg?impolicy=wowsmkqiema&w=260&h=260,$7.50,$4.41 / 100G,,, Add to cart , Save to list 
Oak Caramel White Chocolate Flavoured Milk 600ml,https://www.woolworths.com.au/shop/productdetails/193639/oak-caramel-white-chocolate-flavoured-milk,,https://assets.woolworths.com.au/images/1005/193639.jpg?impolicy=wowsmkqiema&w=260&h=260,,,,,, Save to list 
Australia's Own Barista Soy Milk 1l,https://www.woolworths.com.au/shop/productdetails/272321/australia-s-own-barista-soy-milk,,https://assets.woolworths.com.au/images/1005/272321.jpg?impolicy=wowsmkqiema&w=260&h=260,$3.50,$3.50 / 1L,,, Add to cart , Save to list 
Oak Choc Mint Flavoured Milk 600ml,https://www.woolworths.com.au/shop/productdetails/238900/oak-choc-mint-flavoured-milk,,https://assets.woolworths.com.au/images/1005/238900.jpg?impolicy=wowsmkqiema&w=260&h=260,,,,,, Save to list 
So Good Chocolate Oat Milk 1l,https://www.woolworths.com.au/shop/productdetails/274781/so-good-chocolate-oat-milk,,https://assets.woolworths.com.au/images/1005/274781.jpg?impolicy=wowsmkqiema&w=260&h=260,$3.50,$3.50 / 1L,,, Add to cart , Save to list 
Frico Gouda Cumin Wedge 265g,https://www.woolworths.com.au/shop/productdetails/715951/frico-gouda-cumin-wedge,https://www.woolworths.com.au/content/promotiontags/roundel-special-200x200.png,https://assets.woolworths.com.au/images/1005/715951.jpg?impolicy=wowsmkqiema&w=260&h=260,$7.80,$30.59 / 1KG,,, Add to cart , Save to list 
"Moondarra Honey, Fig Macadamia Soft Cheese 120g",https://www.woolworths.com.au/shop/productdetails/238284/moondarra-honey-fig-macadamia-soft-cheese,https://www.woolworths.com.au/content/promotiontags/roundel-special-200x200.png,https://assets.woolworths.com.au/images/1005/238284.jpg?impolicy=wowsmkqiema&w=260&h=260,$3.50,$29.17 / 1KG,,, Add to cart , Save to list 
Thomas Dux French Washed Rind Sheep's Milk Brie From The Deli Per Kg,https://www.woolworths.com.au/shop/productdetails/147692/thomas-dux-french-washed-rind-sheep-s-milk-brie-from-the-deli,,https://assets.woolworths.com.au/images/1005/147692.jpg?impolicy=wowsmkqiema&w=260&h=260,$82.00,$82.00 / 1KG,,, Add to cart , Save to list 
Woolworths Egg And Bacon On On Farmhouse White Sandwich 158g,https://www.woolworths.com.au/shop/productdetails/218345/woolworths-egg-and-bacon-on-on-farmhouse-white-sandwich,,https://assets.woolworths.com.au/images/1005/218345.jpg?impolicy=wowsmkqiema&w=260&h=260,$6.50,$4.11 / 100G,,, Add to cart , Save to list 
Woolworths Prosciutto Wrapped Chicken Chilled Meal 400g,https://www.woolworths.com.au/shop/productdetails/827476/woolworths-prosciutto-wrapped-chicken-chilled-meal,,https://assets.woolworths.com.au/images/1005/827476.jpg?impolicy=wowsmkqiema&w=260&h=260,$13.00,$3.25 / 100G,4.0,390, Add to cart , Save to list 
Woolworths Good To Go Egg & Spinach Pot 90g,https://www.woolworths.com.au/shop/productdetails/72695/woolworths-good-to-go-egg-spinach-pot,,https://assets.woolworths.com.au/images/1005/72695.jpg?impolicy=wowsmkqiema&w=260&h=260,$4.00,$4.44 / 100G,,, Add to cart , Save to list 
Garlo's Curry Beef Pie 200g,https://www.woolworths.com.au/shop/productdetails/89097/garlo-s-curry-beef-pie-null,https://www.woolworths.com.au/content/promotiontags/roundel-special-200x200.png,https://assets.woolworths.com.au/images/1005/89097.jpg?impolicy=wowsmkqiema&w=260&h=260,$3.50,$1.75 / 100G,,, Add to cart , Save to list 
Mainland Garlic & Herb Grass Fed Butter 125g,https://www.woolworths.com.au/shop/productdetails/221157/mainland-garlic-herb-grass-fed-butter,,https://assets.woolworths.com.au/images/1005/221157.jpg?impolicy=wowsmkqiema&w=260&h=260,$3.50,$2.80 / 100G,,, Add to cart , Save to list 
Norco Thickened Cream 600ml,https://www.woolworths.com.au/shop/productdetails/210810/norco-thickened-cream,,https://assets.woolworths.com.au/images/1005/210810.jpg?impolicy=wowsmkqiema&w=260&h=260,$5.30,$0.88 / 100ML,,, Add to cart , Save to list 
Woolworths Crumbed Chicken Parmigiana & Potato Wedges Chilled Meal 350g,https://www.woolworths.com.au/shop/productdetails/134242/woolworths-crumbed-chicken-parmigiana-potato-wedges-chilled-meal,,https://assets.woolworths.com.au/images/1005/134242.jpg?impolicy=wowsmkqiema&w=260&h=260,$10.00,$2.86 / 100G,3.1,498, Add to cart , Save to list 
180n Good Sport Chocolate Flavoured Milk 350ml,https://www.woolworths.com.au/shop/productdetails/212555/180-nutrition-180n-good-sport-chocolate-flavoured-milk,,https://assets.woolworths.com.au/images/1005/212555.jpg?impolicy=wowsmkqiema&w=260&h=260,$2.90,$8.29 / 1L,,, Add to cart , Save to list 
Cocobella Protein Yoghurt Passionfruit 160g,https://www.woolworths.com.au/shop/productdetails/271265/cocobella-protein-yoghurt-passionfruit,,https://assets.woolworths.com.au/images/1005/271265.jpg?impolicy=wowsmkqiema&w=260&h=260,$2.90,$1.81 / 100G,,, Add to cart , Save to list 
First Press Iced Coffee Oat Milk Double Shot 350ml,https://www.woolworths.com.au/shop/productdetails/122978/first-press-iced-coffee-oat-milk-double-shot,,https://assets.woolworths.com.au/images/1005/122978.jpg?impolicy=wowsmkqiema&w=260&h=260,$3.40,$9.71 / 1L,,, Add to cart , Save to list 
Simply Delish Beetroot With Cashews & Parmesan Dip 150g,https://www.woolworths.com.au/shop/productdetails/239408/simply-delish-beetroot-with-cashews-parmesan-dip,,https://assets.woolworths.com.au/images/1005/239408.jpg?impolicy=wowsmkqiema&w=260&h=260,$3.60,$2.40 / 100G,,, Add to cart , Save to list 
Thomas Dux Le Gruyere Cheese 150g,https://www.woolworths.com.au/shop/productdetails/140164/thomas-dux-le-gruyere-cheese,,https://assets.woolworths.com.au/images/1005/140164.jpg?impolicy=wowsmkqiema&w=260&h=260,$9.50,$63.33 / 1KG,4.4,1376, Add to cart , Save to list 
Foster Clark's Seriously Creamy Egg Custard Powder Mix 75g,https://www.woolworths.com.au/shop/productdetails/33373/foster-clark-s-seriously-creamy-egg-custard-powder-mix,,https://assets.woolworths.com.au/images/1005/33373.jpg?impolicy=wowsmkqiema&w=260&h=260,$3.50,$4.67 / 100G,,, Add to cart , Save to list 
Nakula Coconut Yoghurt Strawberry & Chia 500g,https://www.woolworths.com.au/shop/productdetails/277725/nakula-coconut-yoghurt-strawberry-chia,,https://assets.woolworths.com.au/images/1005/277725.jpg?impolicy=wowsmkqiema&w=260&h=260,,,,,, Save to list 
South Cape White Wine Matched Selection 320g,https://www.woolworths.com.au/shop/productdetails/710998/south-cape-white-wine-matched-selection,,https://assets.woolworths.com.au/images/1005/710998.jpg?impolicy=wowsmkqiema&w=260&h=260,$17.00,$53.13 / 1KG,,, Add to cart , Save to list 
Thomas Dux Creamy Blue Cheese 200g,https://www.woolworths.com.au/shop/productdetails/124279/thomas-dux-creamy-blue-cheese,https://www.woolworths.com.au/content/promotiontags/royal-tasmanian-fine-food-awards-2022-bronze.png,https://assets.woolworths.com.au/images/1005/124279.jpg?impolicy=wowsmkqiema&w=260&h=260,$6.00,$30.00 / 1KG,4.3,910, Add to cart , Save to list 
"Dari's Carrot, Lime & Turmeric Soup 350g",https://www.woolworths.com.au/shop/productdetails/239468/dari-s-carrot-lime-turmeric-soup,,https://assets.woolworths.com.au/images/1005/239468.jpg?impolicy=wowsmkqiema&w=260&h=260,$5.20,$1.49 / 100G,,, Add to cart , Save to list 
Garlo's Lean Beef Pie 200g,https://www.woolworths.com.au/shop/productdetails/88999/garlo-s-lean-beef-pie-null,https://www.woolworths.com.au/content/promotiontags/roundel-special-200x200.png,https://assets.woolworths.com.au/images/1005/88999.jpg?impolicy=wowsmkqiema&w=260&h=260,$3.50,$1.75 / 100G,,, Add to cart , Save to list 
Oak Choc Honeycomb Flavoured Milk 600ml,https://www.woolworths.com.au/shop/productdetails/181056/oak-choc-honeycomb-flavoured-milk,,https://assets.woolworths.com.au/images/1005/181056.jpg?impolicy=wowsmkqiema&w=260&h=260,,,,,, Save to list 
Sunny Queen Scrambled Egg Mix 500g,https://www.woolworths.com.au/shop/productdetails/203365/sunny-queen-scrambled-egg-mix,https://www.woolworths.com.au/content/promotiontags/roundel-special-200x200.png,https://assets.woolworths.com.au/images/1005/203365.jpg?impolicy=wowsmkqiema&w=260&h=260,$5.50,$1.10 / 100G,,, Add to cart , Save to list 
Thomas Dux Yorkshire Wensleydale With Cranberry From The Deli Per Kg,https://www.woolworths.com.au/shop/productdetails/139085/thomas-dux-yorkshire-wensleydale-with-cranberry-from-the-deli,https://www.woolworths.com.au/content/promotiontags/2022-silver-medal-roundel.png,https://assets.woolworths.com.au/images/1005/139085.jpg?impolicy=wowsmkqiema&w=260&h=260,$50.00,$50.00 / 1KG,,, Add to cart , Save to list 
Woolworths Egg Lettuce Mixed Grain Sandwich 171g,https://www.woolworths.com.au/shop/productdetails/218346/woolworths-egg-lettuce-mixed-grain-sandwich,,https://assets.woolworths.com.au/images/1005/218346.jpg?impolicy=wowsmkqiema&w=260&h=260,$6.50,$3.80 / 100G,,, Add to cart , Save to list 
Woolworths Angus Beef & Onion Sausages With Mash  Chilled Meal 350g,https://www.woolworths.com.au/shop/productdetails/134240/woolworths-angus-beef-onion-sausages-with-mash-chilled-meal,,https://assets.woolworths.com.au/images/1005/134240.jpg?impolicy=wowsmkqiema&w=260&h=260,$10.00,$2.86 / 100G,3.2,439, Add to cart , Save to list 
Almo Unsweetened Almond Milk 1l,https://www.woolworths.com.au/shop/productdetails/802675/almo-unsweetened-almond-milk,,https://assets.woolworths.com.au/images/1005/802675.jpg?impolicy=wowsmkqiema&w=260&h=260,$5.50,$5.50 / 1L,,, Add to cart , Save to list 
Lake Macquarie 18 Large Free Range Eggs 900g,https://www.woolworths.com.au/shop/productdetails/101878/lake-macquarie-18-large-free-range-eggs,,https://assets.woolworths.com.au/images/1005/101878.jpg?impolicy=wowsmkqiema&w=260&h=260,$9.10,$1.01 / 100G,,, Add to cart , Save to list 
Latina Chicken Lasagne 350g,https://www.woolworths.com.au/shop/productdetails/215895/latina-chicken-lasagne,https://www.woolworths.com.au/content/promotiontags/final_only_at_woolworths_roundel_200x200.png,https://assets.woolworths.com.au/images/1005/215895.jpg?impolicy=wowsmkqiema&w=260&h=260,$7.50,$2.14 / 100G,,, Add to cart , Save to list 
So Good Almond Vanilla Milk 1l,https://www.woolworths.com.au/shop/productdetails/781141/so-good-almond-vanilla-milk,,https://assets.woolworths.com.au/images/1005/781141.jpg?impolicy=wowsmkqiema&w=260&h=260,$3.20,$3.20 / 1L,,, Add to cart , Save to list 
Ice Break Regular 2 Shot Strength Iced Coffee Milk 2l,https://www.woolworths.com.au/shop/productdetails/772287/ice-break-regular-2-shot-strength-iced-coffee-milk,,https://assets.woolworths.com.au/images/1005/772287.jpg?impolicy=wowsmkqiema&w=260&h=260,,,,,, Save to list 
Red Rock Deli Classics Chargrilled Style Corn Relish 190g,https://www.woolworths.com.au/shop/productdetails/176913/red-rock-deli-classics-chargrilled-style-corn-relish,https://www.woolworths.com.au/content/promotiontags/roundel-buy-more-save-more-200x200.png,https://assets.woolworths.com.au/images/1005/176913.jpg?impolicy=wowsmkqiema&w=260&h=260,$4.50,$2.37 / 100G,,, Add to cart , Save to list 
Grand Italian Gnocchi Pesto & Parmesan Premium 400g,https://www.woolworths.com.au/shop/productdetails/211889/grand-italian-gnocchi-pesto-parmesan-premium,https://www.woolworths.com.au/content/promotiontags/roundel-special-200x200.png,https://assets.woolworths.com.au/images/1005/211889.jpg?impolicy=wowsmkqiema&w=260&h=260,$6.00,$1.50 / 100G,,, Add to cart , Save to list 
Thomas Dux Wensleydale & Cranberry 150g,https://www.woolworths.com.au/shop/productdetails/191041/thomas-dux-wensleydale-cranberry,,https://assets.woolworths.com.au/images/1005/191041.jpg?impolicy=wowsmkqiema&w=260&h=260,,,,,, Save to list 
Woolworths Chicken Pappardelle Carbonara Chilled Meal 350g,https://www.woolworths.com.au/shop/productdetails/134199/woolworths-chicken-pappardelle-carbonara-chilled-meal,,https://assets.woolworths.com.au/images/1005/134199.jpg?impolicy=wowsmkqiema&w=260&h=260,$10.00,$2.86 / 100G,3.5,630, Add to cart , Save to list 
Woolworths Pot Set Greek Style Yoghurt 1k,https://www.woolworths.com.au/shop/productdetails/249086/woolworths-pot-set-greek-style-yoghurt,https://www.woolworths.com.au/content/promotiontags/final_only_at_woolworths_roundel_200x200.png,https://assets.woolworths.com.au/images/1005/249086.jpg?impolicy=wowsmkqiema&w=260&h=260,$6.00,$0.60 / 100G,,, Add to cart , Save to list 
Mainland Gouda Cheese Slices 180g,https://www.woolworths.com.au/shop/productdetails/256368/mainland-gouda-cheese-slices,,https://assets.woolworths.com.au/images/1005/256368.jpg?impolicy=wowsmkqiema&w=260&h=260,$6.50,$36.11 / 1KG,,, Add to cart , Save to list 
Red Rock Deli Classics Sour Cream & Chives 190g,https://www.woolworths.com.au/shop/productdetails/175839/red-rock-deli-classics-sour-cream-chives,https://www.woolworths.com.au/content/promotiontags/roundel-buy-more-save-more-200x200.png,https://assets.woolworths.com.au/images/1005/175839.jpg?impolicy=wowsmkqiema&w=260&h=260,$4.50,$2.37 / 100G,,, Add to cart , Save to list 
Woolworths Angus Beef & Pork Meatball Rigatoni Chilled Meal 1.3kg,https://www.woolworths.com.au/shop/productdetails/134238/woolworths-angus-beef-pork-meatball-rigatoni-chilled-meal,,https://assets.woolworths.com.au/images/1005/134238.jpg?impolicy=wowsmkqiema&w=260&h=260,$19.50,$1.50 / 100G,3.6,262, Add to cart , Save to list 
Naked Life Mango Betta Boba Iced Bubble Tea Can 315ml,https://www.woolworths.com.au/shop/productdetails/218811/naked-life-mango-betta-boba-iced-bubble-tea-can,,https://assets.woolworths.com.au/images/1005/218811.jpg?impolicy=wowsmkqiema&w=260&h=260,$3.50,$11.11 / 1L,,, Add to cart , Save to list 
Five:am Organic Yoghurt Strawberry 1kg,https://www.woolworths.com.au/shop/productdetails/269086/five-am-organic-yoghurt-strawberry,,https://assets.woolworths.com.au/images/1005/269086.jpg?impolicy=wowsmkqiema&w=260&h=260,$9.50,$0.95 / 100G,,, Add to cart , Save to list 
Fromager D'affinois Cheese Campagnier Per Kg,https://www.woolworths.com.au/shop/productdetails/877456/fromager-d-affinois-cheese-campagnier,,https://assets.woolworths.com.au/images/1005/877456.jpg?impolicy=wowsmkqiema&w=260&h=260,$95.00,$95.00 / 1KG,,, Add to cart , Save to list 
Yarra Valley Spreadable Goat Cheese 150g,https://www.woolworths.com.au/shop/productdetails/219254/yarra-valley-spreadable-goat-cheese,,https://assets.woolworths.com.au/images/1005/219254.jpg?impolicy=wowsmkqiema&w=260&h=260,$9.80,$65.33 / 1KG,,, Add to cart , Save to list 
Birch & Waite Citrus Herb & Butter Sauce 200g,https://www.woolworths.com.au/shop/productdetails/215494/birch-waite-citrus-herb-butter-sauce,,https://assets.woolworths.com.au/images/1005/215494.jpg?impolicy=wowsmkqiema&w=260&h=260,$6.50,$3.25 / 100G,,, Add to cart , Save to list 
Latina Fresh Bolognaise Pasta Bake 350g,https://www.woolworths.com.au/shop/productdetails/238250/latina-fresh-bolognaise-pasta-bake,,https://assets.woolworths.com.au/images/1005/238250.jpg?impolicy=wowsmkqiema&w=260&h=260,$7.50,$2.14 / 100G,,, Add to cart , Save to list 
Tasmanian Heritage Mild Blue Cheese 120g,https://www.woolworths.com.au/shop/productdetails/347138/tasmanian-heritage-mild-blue-cheese,,https://assets.woolworths.com.au/images/1005/347138.jpg?impolicy=wowsmkqiema&w=260&h=260,$7.35,$61.25 / 1KG,,, Add to cart , Save to list 
Fast Fuel Roast Chicken & Vegetables 350g,https://www.woolworths.com.au/shop/productdetails/240059/fast-fuel-roast-chicken-vegetables,https://www.woolworths.com.au/content/promotiontags/roundel-special-200x200.png,https://assets.woolworths.com.au/images/1005/240059.jpg?impolicy=wowsmkqiema&w=260&h=260,$10.95,$3.13 / 100G,,, Add to cart , Save to list 
Dairy Farmers Classic Caramel 500ml,https://www.woolworths.com.au/shop/productdetails/92517/dairy-farmers-classic-caramel,,https://assets.woolworths.com.au/images/1005/92517.jpg?impolicy=wowsmkqiema&w=260&h=260,$3.40,$6.80 / 1L,,, Add to cart , Save to list 
I Pastai Fresh Pappardelle 350g,https://www.woolworths.com.au/shop/productdetails/181873/i-pastai-fresh-pappardelle,,https://assets.woolworths.com.au/images/1005/181873.jpg?impolicy=wowsmkqiema&w=260&h=260,$5.50,$1.57 / 100G,,, Add to cart , Save to list 
King Island Dairy Three Rivers Bay Triple Cream Brie Cheese 175g,https://www.woolworths.com.au/shop/productdetails/249784/king-island-dairy-three-rivers-bay-triple-cream-brie-cheese,,https://assets.woolworths.com.au/images/1005/249784.jpg?impolicy=wowsmkqiema&w=260&h=260,$14.90,$85.14 / 1KG,,, Add to cart , Save to list 
Moira Mac's Roast Chicken Breast Slices 170g,https://www.woolworths.com.au/shop/productdetails/248932/moira-mac-s-roast-chicken-breast-slices,,https://assets.woolworths.com.au/images/1005/248932.jpg?impolicy=wowsmkqiema&w=260&h=260,$6.60,$38.82 / 1KG,,, Add to cart , Save to list 
Chris' Heritage Camembert Cherry & Walnut Dip 170g,https://www.woolworths.com.au/shop/productdetails/209653/chris-heritage-camembert-cherry-walnut-dip,https://www.woolworths.com.au/content/promotiontags/roundel-special-200x200.png,https://assets.woolworths.com.au/images/1005/209653.jpg?impolicy=wowsmkqiema&w=260&h=260,$7.00,$4.12 / 100G,,, Add to cart , Save to list 
Mersey Valley Ploughmans Cheddar Cheese 235g,https://www.woolworths.com.au/shop/productdetails/244194/mersey-valley-ploughmans-cheddar-cheese,,https://assets.woolworths.com.au/images/1005/244194.jpg?impolicy=wowsmkqiema&w=260&h=260,$9.90,$42.13 / 1KG,,, Add to cart , Save to list 
Birch & Waite Creamy Pesto Sauce 200g,https://www.woolworths.com.au/shop/productdetails/215012/birch-waite-creamy-pesto-sauce,,https://assets.woolworths.com.au/images/1005/215012.jpg?impolicy=wowsmkqiema&w=260&h=260,$6.50,$3.25 / 100G,,, Add to cart , Save to list 
Mersey Valley Peppercorn Medley Cheddar Cheese 235g,https://www.woolworths.com.au/shop/productdetails/244154/mersey-valley-peppercorn-medley-cheddar-cheese,,https://assets.woolworths.com.au/images/1005/244154.jpg?impolicy=wowsmkqiema&w=260&h=260,$9.90,$42.13 / 1KG,,, Add to cart , Save to list 
Woolworths Fresh Parmigianno Reggiano Cheese Wheel Per Kg,https://www.woolworths.com.au/shop/productdetails/369738/woolworths-fresh-parmigianno-reggiano-cheese-wheel,,https://assets.woolworths.com.au/images/1005/369738.jpg?impolicy=wowsmkqiema&w=260&h=260,$80.00,$80.00 / 1KG,,, Add to cart , Save to list 
Maggie Beer Caramelised Onion Club Cheddar Aged 12+ Months 150g,https://www.woolworths.com.au/shop/productdetails/237888/maggie-beer-caramelised-onion-club-cheddar-aged-12-months,https://www.woolworths.com.au/content/promotiontags/roundel-special-200x200.png,https://assets.woolworths.com.au/images/1005/237888.jpg?impolicy=wowsmkqiema&w=260&h=260,$5.75,$38.33 / 1KG,,, Add to cart , Save to list 
Alambra Traditional Halloumi 700g,https://www.woolworths.com.au/shop/productdetails/253855/alambra-traditional-halloumi,,https://assets.woolworths.com.au/images/1005/253855.jpg?impolicy=wowsmkqiema&w=260&h=260,$20.00,$28.57 / 1KG,,, Add to cart , Save to list 
Five:am Organic Yoghurt Honey & Cinnamon 1kg,https://www.woolworths.com.au/shop/productdetails/269085/five-am-organic-yoghurt-honey-cinnamon,,https://assets.woolworths.com.au/images/1005/269085.jpg?impolicy=wowsmkqiema&w=260&h=260,$9.50,$0.95 / 100G,,, Add to cart , Save to list 
Naked Life Peach Betta Bobo Iced Bubble Tea Can 315ml,https://www.woolworths.com.au/shop/productdetails/219676/naked-life-peach-betta-bobo-iced-bubble-tea-can,,https://assets.woolworths.com.au/images/1005/219676.jpg?impolicy=wowsmkqiema&w=260&h=260,$3.50,$11.11 / 1L,,, Add to cart , Save to list 
Thomas Dux Spanish Manchego From The Deli Per Kg,https://www.woolworths.com.au/shop/productdetails/139722/thomas-dux-spanish-manchego-from-the-deli,,https://assets.woolworths.com.au/images/1005/139722.jpg?impolicy=wowsmkqiema&w=260&h=260,$56.00,$56.00 / 1KG,4.1,136, Add to cart , Save to list 
Fry's Chick'n Pieces Per-peri Plant Based 250g,https://www.woolworths.com.au/shop/productdetails/239443/frys-chick-n-pieces-per-peri-plant-based,,https://assets.woolworths.com.au/images/1005/239443.jpg?impolicy=wowsmkqiema&w=260&h=260,$7.50,$30.00 / 1KG,,, Add to cart , Save to list 
King Island Dairy Cape Wickham Double Brie Cheese 200g,https://www.woolworths.com.au/shop/productdetails/40353/king-island-dairy-cape-wickham-double-brie-cheese,,https://assets.woolworths.com.au/images/1005/40353.jpg?impolicy=wowsmkqiema&w=260&h=260,$14.90,$74.50 / 1KG,,, Add to cart , Save to list 
The Collective Kefir Pourable Yoghurt Vanilla Bean 700g,https://www.woolworths.com.au/shop/productdetails/277612/the-collective-kefir-pourable-yoghurt-vanilla-bean,,https://assets.woolworths.com.au/images/1005/277612.jpg?impolicy=wowsmkqiema&w=260&h=260,,,,,, Save to list 
Thomas Dux Aged Dutch Gouda 200g,https://www.woolworths.com.au/shop/productdetails/140170/thomas-dux-aged-dutch-gouda,,https://assets.woolworths.com.au/images/1005/140170.jpg?impolicy=wowsmkqiema&w=260&h=260,$7.00,$35.00 / 1KG,4.4,436, Add to cart , Save to list 
Woolworths Chicken Triple Sandwich 239g,https://www.woolworths.com.au/shop/productdetails/218362/woolworths-chicken-triple-sandwich,,https://assets.woolworths.com.au/images/1005/218362.jpg?impolicy=wowsmkqiema&w=260&h=260,,,,,, Save to list 
Woolworths Fresh Parmesan Grana Padano Cheese Wheel Per Kg,https://www.woolworths.com.au/shop/productdetails/369731/woolworths-fresh-parmesan-grana-padano-cheese-wheel,,https://assets.woolworths.com.au/images/1005/369731.jpg?impolicy=wowsmkqiema&w=260&h=260,$66.00,$66.00 / 1KG,,, Add to cart , Save to list 
﻿Thomas Dux French Comte Matured 8 Months 175g,https://www.woolworths.com.au/shop/productdetails/140169/thomas-dux-french-comte-matured-8-months,,https://assets.woolworths.com.au/images/1005/140169.jpg?impolicy=wowsmkqiema&w=260&h=260,$9.90,$56.57 / 1KG,4.3,1266, Add to cart , Save to list 
Norco Real Triple Shot 750ml,https://www.woolworths.com.au/shop/productdetails/684141/norco-real-triple-shot,,https://assets.woolworths.com.au/images/1005/684141.jpg?impolicy=wowsmkqiema&w=260&h=260,$4.30,$5.73 / 1L,,, Add to cart , Save to list 
Ice Break Mocha - Oak Iced Coffee Flavoured Milk 750ml,https://www.woolworths.com.au/shop/productdetails/181955/ice-break-mocha-oak-iced-coffee-flavoured-milk,,https://assets.woolworths.com.au/images/1005/181955.jpg?impolicy=wowsmkqiema&w=260&h=260,,,,,, Save to list 
King Island Dairy Surprise Bay Cheddar Cheese 170g,https://www.woolworths.com.au/shop/productdetails/331719/king-island-dairy-surprise-bay-cheddar-cheese,,https://assets.woolworths.com.au/images/1005/331719.jpg?impolicy=wowsmkqiema&w=260&h=260,$10.95,$64.41 / 1KG,,, Add to cart , Save to list 
King Island Dairy Victoria Cove Smoked Camembert Cheese 200g,https://www.woolworths.com.au/shop/productdetails/67278/king-island-dairy-victoria-cove-smoked-camembert-cheese,,https://assets.woolworths.com.au/images/1005/67278.jpg?impolicy=wowsmkqiema&w=260&h=260,$14.90,$74.50 / 1KG,,, Add to cart , Save to list 
Norco Non Dairy Oat White Mylk 1l,https://www.woolworths.com.au/shop/productdetails/263345/norco-non-dairy-oat-white-mylk,https://www.woolworths.com.au/content/promotiontags/only_at_woolworths_200x200.png,https://assets.woolworths.com.au/images/1005/263345.jpg?impolicy=wowsmkqiema&w=260&h=260,$5.50,$5.50 / 1L,,, Add to cart , Save to list 
Thomas Dux Club Cheddar Cheese 235g,https://www.woolworths.com.au/shop/productdetails/191040/thomas-dux-club-cheddar-cheese,,https://assets.woolworths.com.au/images/1005/191040.jpg?impolicy=wowsmkqiema&w=260&h=260,,,,,, Save to list 
Thomas Dux Marinated Goats Cheese 300g,https://www.woolworths.com.au/shop/productdetails/94988/thomas-dux-marinated-goats-cheese,,https://assets.woolworths.com.au/images/1005/94988.jpg?impolicy=wowsmkqiema&w=260&h=260,$10.70,$35.67 / 1KG,4.5,287, Add to cart , Save to list 
Tamar Valley Spiced Apple Caramel Yoghurt 700g,https://www.woolworths.com.au/shop/productdetails/276959/tamar-valley-spiced-apple-caramel-yoghurt,,https://assets.woolworths.com.au/images/1005/276959.jpg?impolicy=wowsmkqiema&w=260&h=260,$7.50,$1.07 / 100G,,, Add to cart , Save to list 
Chrystal Fresh Cheese Board Selection Selection 275g,https://www.woolworths.com.au/shop/productdetails/331692/chrystal-fresh-cheese-board-selection-selection,,https://assets.woolworths.com.au/images/1005/331692.jpg?impolicy=wowsmkqiema&w=260&h=260,$13.00,$47.27 / 1KG,,, Add to cart , Save to list 
Norco Real Iced Coffee Triple Shot 500ml,https://www.woolworths.com.au/shop/productdetails/556932/norco-real-iced-coffee-triple-shot,,https://assets.woolworths.com.au/images/1005/556932.jpg?impolicy=wowsmkqiema&w=260&h=260,$3.50,$7.00 / 1L,,, Add to cart , Save to list 
Woolworths High Protein Chicken Ham And Swiss Cheese Low Carb Sandwich 185g,https://www.woolworths.com.au/shop/productdetails/218364/woolworths-high-protein-chicken-ham-and-swiss-cheese-low-carb-sandwich,,https://assets.woolworths.com.au/images/1005/218364.jpg?impolicy=wowsmkqiema&w=260&h=260,$8.50,$4.59 / 100G,,, Add to cart , Save to list 
I Pastai Fresh Linguine 350g,https://www.woolworths.com.au/shop/productdetails/153019/i-pastai-fresh-linguine,,https://assets.woolworths.com.au/images/1005/153019.jpg?impolicy=wowsmkqiema&w=260&h=260,$5.50,$1.57 / 100G,,, Add to cart , Save to list 
The Boba Bar Bubble Milk Tea Tapioca Pearls Brown Sugar 300ml,https://www.woolworths.com.au/shop/productdetails/262889/the-boba-bar-bubble-milk-tea-tapioca-pearls-brown-sugar,,https://assets.woolworths.com.au/images/1005/262889.jpg?impolicy=wowsmkqiema&w=260&h=260,$4.00,$13.33 / 1L,,, Add to cart , Save to list 
Woolworths Beef Ragu Pappardelle Chilled Meal 350g,https://www.woolworths.com.au/shop/productdetails/134200/woolworths-beef-ragu-pappardelle-chilled-meal,,https://assets.woolworths.com.au/images/1005/134200.jpg?impolicy=wowsmkqiema&w=260&h=260,$10.00,$2.86 / 100G,3.8,585, Add to cart , Save to list 
Chris' Kalamata Olive Dip 200g,https://www.woolworths.com.au/shop/productdetails/113964/chris-kalamata-olive-dip,https://www.woolworths.com.au/content/promotiontags/roundel-buy-more-save-more-200x200.png,https://assets.woolworths.com.au/images/1005/113964.jpg?impolicy=wowsmkqiema&w=260&h=260,$4.00,$2.00 / 100G,,, Add to cart , Save to list 
Norco Thickened Cream 300ml,https://www.woolworths.com.au/shop/productdetails/218796/norco-thickened-cream,,https://assets.woolworths.com.au/images/1005/218796.jpg?impolicy=wowsmkqiema&w=260&h=260,$3.20,$1.07 / 100ML,,, Add to cart , Save to list 
Fast Fuel Thai Chicken & Turkey Meatballs 350g,https://www.woolworths.com.au/shop/productdetails/240245/fast-fuel-thai-chicken-turkey-meatballs,https://www.woolworths.com.au/content/promotiontags/roundel-special-200x200.png,https://assets.woolworths.com.au/images/1005/240245.jpg?impolicy=wowsmkqiema&w=260&h=260,$10.95,$3.13 / 100G,,, Add to cart , Save to list 
Mainland Rosemary & Thyme Grass Fed Butter 125g,https://www.woolworths.com.au/shop/productdetails/221246/mainland-rosemary-thyme-grass-fed-butter,,https://assets.woolworths.com.au/images/1005/221246.jpg?impolicy=wowsmkqiema&w=260&h=260,$3.50,$2.80 / 100G,,, Add to cart , Save to list 
Will Studd Brillat Savarin 200g,https://www.woolworths.com.au/shop/productdetails/377170/will-studd-brillat-savarin,,https://assets.woolworths.com.au/images/1005/377170.jpg?impolicy=wowsmkqiema&w=260&h=260,$26.00,$130.00 / 1KG,,, Add to cart , Save to list 
Woolworths Calorie Controlled Macaroni & Cheese 350g,https://www.woolworths.com.au/shop/productdetails/183801/woolworths-calorie-controlled-macaroni-cheese,https://www.woolworths.com.au/content/promotiontags/roundel-buy-more-save-more-200x200.png,https://assets.woolworths.com.au/images/1005/183801.jpg?impolicy=wowsmkqiema&w=260&h=260,$7.00,$2.00 / 100G,2.5,397, Add to cart , Save to list 
Chris' Deli Dip Basil Pesto 170g,https://www.woolworths.com.au/shop/productdetails/208907/chris-deli-dip-basil-pesto,,https://assets.woolworths.com.au/images/1005/208907.jpg?impolicy=wowsmkqiema&w=260&h=260,$7.50,$4.41 / 100G,,, Add to cart , Save to list 
Fqkitchen Gourmet Garlic Bread 140g,https://www.woolworths.com.au/shop/productdetails/161626/fq-kitchen-gourmet-garlic-bread,https://www.woolworths.com.au/content/promotiontags/final_only_at_woolworths_roundel_200x200.png,https://assets.woolworths.com.au/images/1005/161626.jpg?impolicy=wowsmkqiema&w=260&h=260,$3.50,$2.50 / 100G,,, Add to cart , Save to list 
Garlo's Beef Sausage Roll Chilled Meal 200g,https://www.woolworths.com.au/shop/productdetails/88511/garlo-s-beef-sausage-roll-chilled-meal,https://www.woolworths.com.au/content/promotiontags/roundel-special-200x200.png,https://assets.woolworths.com.au/images/1005/88511.jpg?impolicy=wowsmkqiema&w=260&h=260,$3.50,$1.75 / 100G,,, Add to cart , Save to list 
Norco Real Iced Chocolate Milk Ultimate 500ml,https://www.woolworths.com.au/shop/productdetails/556934/norco-real-iced-chocolate-milk-ultimate,,https://assets.woolworths.com.au/images/1005/556934.jpg?impolicy=wowsmkqiema&w=260&h=260,$3.50,$7.00 / 1L,,, Add to cart , Save to list 
Coyo Organic Coconut Yoghurt Mango 500g,https://www.woolworths.com.au/shop/productdetails/272089/coyo-organic-coconut-yoghurt-mango,,https://assets.woolworths.com.au/images/1005/272089.jpg?impolicy=wowsmkqiema&w=260&h=260,$8.50,$1.70 / 100G,,, Add to cart , Save to list 
Woolworths New York Deli Style Pastrami On Sourdough Rye Sandwich 174g,https://www.woolworths.com.au/shop/productdetails/218363/woolworths-new-york-deli-style-pastrami-on-sourdough-rye-sandwich,,https://assets.woolworths.com.au/images/1005/218363.jpg?impolicy=wowsmkqiema&w=260&h=260,,,,,, Save to list 
Dare Butterscotch Latte Iced Cofee 750ml,https://www.woolworths.com.au/shop/productdetails/238690/dare-butterscotch-latte-iced-cofee,,https://assets.woolworths.com.au/images/1005/238690.jpg?impolicy=wowsmkqiema&w=260&h=260,$4.90,$6.53 / 1L,1.0,1, Add to cart , Save to list 
Garlo's Beef & Mushroom Pie 200g,https://www.woolworths.com.au/shop/productdetails/89002/garlo-s-beef-mushroom-pie-null,https://www.woolworths.com.au/content/promotiontags/roundel-special-200x200.png,https://assets.woolworths.com.au/images/1005/89002.jpg?impolicy=wowsmkqiema&w=260&h=260,$4.00,$2.00 / 100G,,, Add to cart , Save to list 
Garlo's Chicken Breast Pie 200g,https://www.woolworths.com.au/shop/productdetails/89000/garlo-s-chicken-breast-pie-null,https://www.woolworths.com.au/content/promotiontags/roundel-special-200x200.png,https://assets.woolworths.com.au/images/1005/89000.jpg?impolicy=wowsmkqiema&w=260&h=260,$4.00,$2.00 / 100G,,, Add to cart , Save to list 
Pasta Master Macaroni Meaty Mac & Cheese Chilled Meal 1.2kg,https://www.woolworths.com.au/shop/productdetails/180020/pasta-master-macaroni-meaty-mac-cheese-chilled-meal,,https://assets.woolworths.com.au/images/1005/180020.jpg?impolicy=wowsmkqiema&w=260&h=260,$16.50,$1.38 / 100G,,, Add to cart , Save to list 
Castello Double Cream Brie 300g,https://www.woolworths.com.au/shop/productdetails/110573/castello-double-cream-brie,,https://assets.woolworths.com.au/images/1005/110573.jpg?impolicy=wowsmkqiema&w=260&h=260,$14.50,$48.33 / 1KG,,, Add to cart , Save to list 
Chris' Hommus Dip & Moroccan Dukkah Moroccan Dukkah 170g,https://www.woolworths.com.au/shop/productdetails/240261/chris-hommus-dip-moroccan-dukkah-moroccan-dukkah,https://www.woolworths.com.au/content/promotiontags/roundel-special-200x200.png,https://assets.woolworths.com.au/images/1005/240261.jpg?impolicy=wowsmkqiema&w=260&h=260,$5.50,$3.24 / 100G,,, Add to cart , Save to list 
Fast Fuel Chicken Katsudon Ready Meal 350g,https://www.woolworths.com.au/shop/productdetails/240005/fast-fuel-chicken-katsudon-ready-meal,https://www.woolworths.com.au/content/promotiontags/roundel-special-200x200.png,https://assets.woolworths.com.au/images/1005/240005.jpg?impolicy=wowsmkqiema&w=260&h=260,$10.95,$3.13 / 100G,,, Add to cart , Save to list 
"Don Kabana Minis, Tasty Cheese & Pretzels 50g",https://www.woolworths.com.au/shop/productdetails/217102/don-kabana-minis-tasty-cheese-pretzels,,https://assets.woolworths.com.au/images/1005/217102.jpg?impolicy=wowsmkqiema&w=260&h=260,$4.00,$80.00 / 1KG,,, Add to cart , Save to list 
Fqkitchen Bbq Meatlovers Pizza 600g,https://www.woolworths.com.au/shop/productdetails/238384/fq-kitchen-bbq-meatlovers-pizza,https://www.woolworths.com.au/content/promotiontags/final_only_at_woolworths_roundel_200x200.png,https://assets.woolworths.com.au/images/1005/238384.jpg?impolicy=wowsmkqiema&w=260&h=260,$9.85,$1.64 / 100G,,, Add to cart , Save to list 
Fast Fuel Beef Rendang 350g,https://www.woolworths.com.au/shop/productdetails/239608/fast-fuel-beef-rendang,https://www.woolworths.com.au/content/promotiontags/roundel-special-200x200.png,https://assets.woolworths.com.au/images/1005/239608.jpg?impolicy=wowsmkqiema&w=260&h=260,$10.95,$3.13 / 100G,,, Add to cart , Save to list 
Grand Italian Tuscans Finest Pumpkin Girasoli 325g,https://www.woolworths.com.au/shop/productdetails/238567/grand-italian-tuscans-finest-pumpkin-girasoli,,https://assets.woolworths.com.au/images/1005/238567.jpg?impolicy=wowsmkqiema&w=260&h=260,$7.00,$2.15 / 100G,,, Add to cart , Save to list 
Lotus Peak Bubble Tea Caramel With Tapioca Pearls 490ml,https://www.woolworths.com.au/shop/productdetails/230166/lotus-peak-bubble-tea-caramel-with-tapioca-pearls,,https://assets.woolworths.com.au/images/1005/230166.jpg?impolicy=wowsmkqiema&w=260&h=260,$5.00,$10.20 / 1L,,, Add to cart , Save to list 
Wildly Good Mediterranean Hommus Filled Falafel Bites 225g,https://www.woolworths.com.au/shop/productdetails/238034/wildly-good-mediterranean-hommus-filled-falafel-bites,,https://assets.woolworths.com.au/images/1005/238034.jpg?impolicy=wowsmkqiema&w=260&h=260,$7.50,$30.00 / 1KG,,, Add to cart , Save to list 
180n Good Sport Strawberry Flavoured Milk 350ml,https://www.woolworths.com.au/shop/productdetails/212815/180-nutrition-180n-good-sport-strawberry-flavoured-milk,,https://assets.woolworths.com.au/images/1005/212815.jpg?impolicy=wowsmkqiema&w=260&h=260,$2.90,$8.29 / 1L,,, Add to cart , Save to list 
Brownes Gold Smooth Caramel White Chocolate Flavoured Milk 600ml,https://www.woolworths.com.au/shop/productdetails/180526/brownes-gold-smooth-caramel-white-chocolate-flavoured-milk,,https://assets.woolworths.com.au/images/1005/180526.jpg?impolicy=wowsmkqiema&w=260&h=260,$3.40,$5.67 / 1L,,, Add to cart , Save to list 
Five:am Organic Yoghurt Mango 1kg,https://www.woolworths.com.au/shop/productdetails/272145/five-am-organic-yoghurt-mango,,https://assets.woolworths.com.au/images/1005/272145.jpg?impolicy=wowsmkqiema&w=260&h=260,$9.50,$0.95 / 100G,,, Add to cart , Save to list 
Wildly Good Hommus Filled Falafel Bites Traditional 225g,https://www.woolworths.com.au/shop/productdetails/237913/wildly-good-hommus-filled-falafel-bites-traditional,,https://assets.woolworths.com.au/images/1005/237913.jpg?impolicy=wowsmkqiema&w=260&h=260,$7.50,$30.00 / 1KG,,, Add to cart , Save to list 
Lotus Peak Popping Bubble Tea Mango & Red Dragon Fruit 490ml,https://www.woolworths.com.au/shop/productdetails/230210/lotus-peak-popping-bubble-tea-mango-red-dragon-fruit,,https://assets.woolworths.com.au/images/1005/230210.jpg?impolicy=wowsmkqiema&w=260&h=260,$5.00,$10.20 / 1L,,, Add to cart , Save to list 
Woolworths Fresh Round Loaf Maasdam Cheese Per Kg,https://www.woolworths.com.au/shop/productdetails/369742/woolworths-fresh-round-loaf-maasdam-cheese,,https://assets.woolworths.com.au/images/1005/369742.jpg?impolicy=wowsmkqiema&w=260&h=260,$34.00,$34.00 / 1KG,,, Add to cart , Save to list 
Woolworths Triple Cheese Macaroni & Smoked Bacon Chilled Meal 700g,https://www.woolworths.com.au/shop/productdetails/134247/woolworths-triple-cheese-macaroni-smoked-bacon-chilled-meal,,https://assets.woolworths.com.au/images/1005/134247.jpg?impolicy=wowsmkqiema&w=260&h=260,$15.50,$2.21 / 100G,3.6,590, Add to cart , Save to list 
Manning Valley 30 Free Range Eggs 1.65kg,https://www.woolworths.com.au/shop/productdetails/165830/manning-valley-30-free-range-eggs,,https://assets.woolworths.com.au/images/1005/165830.jpg?impolicy=wowsmkqiema&w=260&h=260,$16.00,$0.97 / 100G,,, Add to cart , Save to list 
Naked Life Brown Sugar Betta Boba Milk Bubble Tea Can 315ml,https://www.woolworths.com.au/shop/productdetails/219804/naked-life-brown-sugar-betta-boba-milk-bubble-tea-can,,https://assets.woolworths.com.au/images/1005/219804.jpg?impolicy=wowsmkqiema&w=260&h=260,$3.50,$11.11 / 1L,,, Add to cart , Save to list 
Woolworths Chilli Con Carne 800g,https://www.woolworths.com.au/shop/productdetails/211613/woolworths-chilli-con-carne,,https://assets.woolworths.com.au/images/1005/211613.jpg?impolicy=wowsmkqiema&w=260&h=260,$13.50,$1.69 / 100G,,, Add to cart , Save to list 
Fast Fuel Portuguese Chicken 350g,https://www.woolworths.com.au/shop/productdetails/238210/fast-fuel-portuguese-chicken,https://www.woolworths.com.au/content/promotiontags/roundel-special-200x200.png,https://assets.woolworths.com.au/images/1005/238210.jpg?impolicy=wowsmkqiema&w=260&h=260,$10.95,$3.13 / 100G,,, Add to cart , Save to list 
Fast Fuel Supercharged Chicken 350g,https://www.woolworths.com.au/shop/productdetails/239681/fast-fuel-supercharged-chicken,https://www.woolworths.com.au/content/promotiontags/roundel-special-200x200.png,https://assets.woolworths.com.au/images/1005/239681.jpg?impolicy=wowsmkqiema&w=260&h=260,$10.95,$3.13 / 100G,,, Add to cart , Save to list 
Made With Plants Meat Free Deli Style Chicken 100g,https://www.woolworths.com.au/shop/productdetails/215276/made-with-plants-meat-free-deli-style-chicken,,https://assets.woolworths.com.au/images/1005/215276.jpg?impolicy=wowsmkqiema&w=260&h=260,$6.00,$60.00 / 1KG,,, Add to cart , Save to list 
Oak Plus No Sugar Added Vanilla 500ml,https://www.woolworths.com.au/shop/productdetails/121121/oak-plus-no-sugar-added-vanilla,,https://assets.woolworths.com.au/images/1005/121121.jpg?impolicy=wowsmkqiema&w=260&h=260,,,,,, Save to list 
Yarra Valley Persian Fetta Dill & Chives 180g,https://www.woolworths.com.au/shop/productdetails/239585/yarra-valley-persian-fetta-dill-chives,,https://assets.woolworths.com.au/images/1005/239585.jpg?impolicy=wowsmkqiema&w=260&h=260,$7.10,$39.44 / 1KG,,, Add to cart , Save to list 
Garlo's Chunky Steak Pie 200g,https://www.woolworths.com.au/shop/productdetails/89332/garlo-s-chunky-steak-pie-null,https://www.woolworths.com.au/content/promotiontags/roundel-special-200x200.png,https://assets.woolworths.com.au/images/1005/89332.jpg?impolicy=wowsmkqiema&w=260&h=260,$4.00,$2.00 / 100G,,, Add to cart , Save to list 
Jalna Greek+ Probiotics Yoghurt 170g,https://www.woolworths.com.au/shop/productdetails/276699/jalna-greek-probiotics-yoghurt,https://www.woolworths.com.au/content/promotiontags/final_only_at_woolworths_roundel_200x200.png,https://assets.woolworths.com.au/images/1005/276699.jpg?impolicy=wowsmkqiema&w=260&h=260,$2.80,$1.65 / 100G,,, Add to cart , Save to list 
Mon Pere Brie From The Deli Per Kg,https://www.woolworths.com.au/shop/productdetails/713500/mon-pere-brie-from-the-deli,,https://assets.woolworths.com.au/images/1005/713500.jpg?impolicy=wowsmkqiema&w=260&h=260,,,,,, Save to list 
Five:am Organic Yoghurt Sweet And Creamy 1kg,https://www.woolworths.com.au/shop/productdetails/270309/five-am-organic-yoghurt-sweet-and-creamy,,https://assets.woolworths.com.au/images/1005/270309.jpg?impolicy=wowsmkqiema&w=260&h=260,$9.50,$0.95 / 100G,,, Add to cart , Save to list 
Garlo's Family Pie Lean Beef 550g,https://www.woolworths.com.au/shop/productdetails/88508/garlo-s-family-pie-lean-beef-null,,https://assets.woolworths.com.au/images/1005/88508.jpg?impolicy=wowsmkqiema&w=260&h=260,$11.00,$2.00 / 100G,,, Add to cart , Save to list 
Moo Dessert Pod Salted Lemon Meringue Yoghurt 170g,https://www.woolworths.com.au/shop/productdetails/277464/moo-dessert-pod-salted-lemon-meringue-yoghurt,https://www.woolworths.com.au/content/promotiontags/final_only_at_woolworths_roundel_200x200.png,https://assets.woolworths.com.au/images/1005/277464.jpg?impolicy=wowsmkqiema&w=260&h=260,$3.50,$2.06 / 100G,,, Add to cart , Save to list 
Woolworths Plantitude Kickin' Quinoa & Beetroot Crumbed Burgers 250g,https://www.woolworths.com.au/shop/productdetails/187436/woolworths-plantitude-kickin-quinoa-beetroot-crumbed-burgers,https://www.woolworths.com.au/content/promotiontags/royal-tasmanian-fine-food-awards-2022-gold.png,https://assets.woolworths.com.au/images/1005/187436.jpg?impolicy=wowsmkqiema&w=260&h=260,$5.50,$22.00 / 1KG,3.5,190, Add to cart , Save to list 
Garlo's Junior Beef Pies 12 Pack,https://www.woolworths.com.au/shop/productdetails/89241/garlo-s-junior-beef-pies-null,,https://assets.woolworths.com.au/images/1005/89241.jpg?impolicy=wowsmkqiema&w=260&h=260,$12.20,$1.61 / 100G,,, Add to cart , Save to list 
Fast Fuel Slow Cooked Korean Beef 350g,https://www.woolworths.com.au/shop/productdetails/239747/fast-fuel-slow-cooked-korean-beef,https://www.woolworths.com.au/content/promotiontags/roundel-special-200x200.png,https://assets.woolworths.com.au/images/1005/239747.jpg?impolicy=wowsmkqiema&w=260&h=260,$10.95,$3.13 / 100G,,, Add to cart , Save to list 
Thomas Dux French Truffle Brie From The Deli Per Kg,https://www.woolworths.com.au/shop/productdetails/147693/thomas-dux-french-truffle-brie-from-the-deli,,https://assets.woolworths.com.au/images/1005/147693.jpg?impolicy=wowsmkqiema&w=260&h=260,$70.00,$70.00 / 1KG,,, Add to cart , Save to list 
Cheese Provolone Dolce From The Deli Per Kg,https://www.woolworths.com.au/shop/productdetails/379635/cheese-provolone-dolce-from-the-deli,,https://assets.woolworths.com.au/images/1005/379635.jpg?impolicy=wowsmkqiema&w=260&h=260,$45.00,$45.00 / 1KG,,, Add to cart , Save to list 
Guilleteau Le Fromager Double Cream Specialty Per Kg,https://www.woolworths.com.au/shop/productdetails/369841/guilleteau-le-fromager-double-cream-specialty,,https://assets.woolworths.com.au/images/1005/369841.jpg?impolicy=wowsmkqiema&w=260&h=260,$85.00,$85.00 / 1KG,,, Add to cart , Save to list 
Viking Platter Swedish Caviar 150g,https://www.woolworths.com.au/shop/productdetails/265616/viking-platter-swedish-caviar,,https://assets.woolworths.com.au/images/1005/265616.jpg?impolicy=wowsmkqiema&w=260&h=260,$6.00,$40.00 / 1KG,,, Add to cart , Save to list 
Woolworths Three Cheese Garlic & Herb Sourdough Flatbread 350g,https://www.woolworths.com.au/shop/productdetails/185038/woolworths-three-cheese-garlic-herb-sourdough-flatbread,,https://assets.woolworths.com.au/images/1005/185038.jpg?impolicy=wowsmkqiema&w=260&h=260,$6.50,$1.86 / 100G,4.2,235, Add to cart , Save to list 
Castello Double Cream Pink Pepper 150g,https://www.woolworths.com.au/shop/productdetails/154015/castello-double-cream-pink-pepper,,https://assets.woolworths.com.au/images/1005/154015.jpg?impolicy=wowsmkqiema&w=260&h=260,$8.00,$53.33 / 1KG,,, Add to cart , Save to list 
Dairy Farmers Vanilla Custard 1kg,https://www.woolworths.com.au/shop/productdetails/85358/dairy-farmers-vanilla-custard,,https://assets.woolworths.com.au/images/1005/85358.jpg?impolicy=wowsmkqiema&w=260&h=260,$5.20,$0.52 / 100G,,, Add to cart , Save to list 
Fast Fuel Buffalo Chicken 350g,https://www.woolworths.com.au/shop/productdetails/240252/fast-fuel-buffalo-chicken,https://www.woolworths.com.au/content/promotiontags/roundel-special-200x200.png,https://assets.woolworths.com.au/images/1005/240252.jpg?impolicy=wowsmkqiema&w=260&h=260,$10.95,$3.13 / 100G,,, Add to cart , Save to list 
Fqkitchen Supreme Pizza 600g,https://www.woolworths.com.au/shop/productdetails/238531/fq-kitchen-supreme-pizza,,https://assets.woolworths.com.au/images/1005/238531.jpg?impolicy=wowsmkqiema&w=260&h=260,,,,,, Save to list 
Jarlsberg Per Kg,https://www.woolworths.com.au/shop/productdetails/238011/jarlsberg-jarlsberg,,https://assets.woolworths.com.au/images/1005/238011.jpg?impolicy=wowsmkqiema&w=260&h=260,$35.00,$35.00 / 1KG,,, Add to cart , Save to list 
King Island Dairy Phoques Cove Camembert Cheese 200g,https://www.woolworths.com.au/shop/productdetails/6576/king-island-dairy-phoques-cove-camembert-cheese,,https://assets.woolworths.com.au/images/1005/6576.jpg?impolicy=wowsmkqiema&w=260&h=260,$14.90,$74.50 / 1KG,,, Add to cart , Save to list 
Pauls Premium Custard Dark Chocolate 600g,https://www.woolworths.com.au/shop/productdetails/276288/pauls-premium-custard-dark-chocolate,,https://assets.woolworths.com.au/images/1005/276288.jpg?impolicy=wowsmkqiema&w=260&h=260,$6.00,,,, Add to cart , Save to list 
Arlingtons Thai Chilli Hommus Snack Pot 95g,https://www.woolworths.com.au/shop/productdetails/804277/arlingtons-thai-chilli-hommus-snack-pot,https://www.woolworths.com.au/content/promotiontags/roundel-special-200x200.png,https://assets.woolworths.com.au/images/1005/804277.jpg?impolicy=wowsmkqiema&w=260&h=260,$3.00,$3.16 / 100G,,, Add to cart , Save to list 
Castello Mini Cheeses 19g X5 Pack,https://www.woolworths.com.au/shop/productdetails/176830/castello-mini-cheeses,,https://assets.woolworths.com.au/images/1005/176830.jpg?impolicy=wowsmkqiema&w=260&h=260,$6.30,$66.32 / 1KG,,, Add to cart , Save to list 
Bennett.st Dairy Salted Caramel & White Choc Dough 500g,https://www.woolworths.com.au/shop/productdetails/242261/bennett-st-dairy-bennett-st-dairy-salted-caramel-white-choc-dough,https://www.woolworths.com.au/content/promotiontags/roundel-special-200x200.png,https://assets.woolworths.com.au/images/1005/242261.jpg?impolicy=wowsmkqiema&w=260&h=260,$9.00,$1.80 / 100G,,, Add to cart , Save to list 
Port Salut Cheese 150g,https://www.woolworths.com.au/shop/productdetails/228659/port-salut-cheese,https://www.woolworths.com.au/content/promotiontags/roundel-special-200x200.png,https://assets.woolworths.com.au/images/1005/228659.jpg?impolicy=wowsmkqiema&w=260&h=260,$7.60,$50.67 / 1KG,,, Add to cart , Save to list 
The Boba Bar Bubble Milk Tea With Tapioca Pearls Original 300ml,https://www.woolworths.com.au/shop/productdetails/265062/the-boba-bar-bubble-milk-tea-with-tapioca-pearls-original,,https://assets.woolworths.com.au/images/1005/265062.jpg?impolicy=wowsmkqiema&w=260&h=260,$4.00,$13.33 / 1L,,, Add to cart , Save to list 
Fqkitchen Ham And Pineapple Pizza 600g,https://www.woolworths.com.au/shop/productdetails/238540/fq-kitchen-ham-and-pineapple-pizza,https://www.woolworths.com.au/content/promotiontags/final_only_at_woolworths_roundel_200x200.png,https://assets.woolworths.com.au/images/1005/238540.jpg?impolicy=wowsmkqiema&w=260&h=260,$9.85,$1.64 / 100G,,, Add to cart , Save to list 
Garlo's Junior Beef Sausage Rolls Chilled Meal 12 Pack,https://www.woolworths.com.au/shop/productdetails/88507/garlo-s-junior-beef-sausage-rolls-chilled-meal,,https://assets.woolworths.com.au/images/1005/88507.jpg?impolicy=wowsmkqiema&w=260&h=260,$12.20,$1.56 / 100G,,, Add to cart , Save to list 
Hunt And Brew Peru Mocha Coffee Milk Drink 400ml,https://www.woolworths.com.au/shop/productdetails/240376/hunt-and-brew-peru-mocha-coffee-milk-drink,,https://assets.woolworths.com.au/images/1005/240376.jpg?impolicy=wowsmkqiema&w=260&h=260,$4.95,$12.38 / 1L,,, Add to cart , Save to list 
Le Dauphin Double Creme From The Deli Per Kg,https://www.woolworths.com.au/shop/productdetails/384962/le-dauphin-double-creme-from-the-deli,,https://assets.woolworths.com.au/images/1005/384962.jpg?impolicy=wowsmkqiema&w=260&h=260,$92.00,$92.00 / 1KG,,, Add to cart , Save to list 
Norco Double Shot Real Iced Coffee 500ml,https://www.woolworths.com.au/shop/productdetails/755228/norco-double-shot-real-iced-coffee,https://www.woolworths.com.au/content/promotiontags/local-seals-nsw.png,https://assets.woolworths.com.au/images/1005/755228.jpg?impolicy=wowsmkqiema&w=260&h=260,$3.50,$7.00 / 1L,,, Add to cart , Save to list 
Norco Real Iced Chocolate Ultimate 750ml,https://www.woolworths.com.au/shop/productdetails/613368/norco-real-iced-chocolate-ultimate,,https://assets.woolworths.com.au/images/1005/613368.jpg?impolicy=wowsmkqiema&w=260&h=260,$4.30,$5.73 / 1L,,, Add to cart , Save to list 
Moondarra Apple & Cinnamon Honey & Almond Soft Cheese 120g,https://www.woolworths.com.au/shop/productdetails/238009/moondarra-apple-cinnamon-honey-almond-soft-cheese,https://www.woolworths.com.au/content/promotiontags/roundel-special-200x200.png,https://assets.woolworths.com.au/images/1005/238009.jpg?impolicy=wowsmkqiema&w=260&h=260,$3.50,$29.17 / 1KG,,, Add to cart , Save to list 
Talbot Forest Cheese Co. Peppered Havarti 150g,https://www.woolworths.com.au/shop/productdetails/237557/talbot-forest-cheese-co-peppered-havarti,,https://assets.woolworths.com.au/images/1005/237557.jpg?impolicy=wowsmkqiema&w=260&h=260,$7.00,$46.67 / 1KG,,, Add to cart , Save to list 
Woolworths Free Range Egg Spaghetti Fresh 350g,https://www.woolworths.com.au/shop/productdetails/167517/woolworths-free-range-egg-spaghetti-fresh,,https://assets.woolworths.com.au/images/1005/167517.jpg?impolicy=wowsmkqiema&w=260&h=260,$7.00,$2.00 / 100G,4.5,411, Add to cart , Save to list 
Arlingtons Beetroot Hommus Snack Pot 95g,https://www.woolworths.com.au/shop/productdetails/804278/arlingtons-beetroot-hommus-snack-pot,https://www.woolworths.com.au/content/promotiontags/roundel-special-200x200.png,https://assets.woolworths.com.au/images/1005/804278.jpg?impolicy=wowsmkqiema&w=260&h=260,$3.00,$3.16 / 100G,,, Add to cart , Save to list 
Mainland Organic Butter Unsalted 250g,https://www.woolworths.com.au/shop/productdetails/144026/mainland-organic-butter-unsalted,,https://assets.woolworths.com.au/images/1005/144026.jpg?impolicy=wowsmkqiema&w=260&h=260,,,,,, Save to list 
Norco Real No Added Sugar Coffee Double Shot 500ml,https://www.woolworths.com.au/shop/productdetails/122232/norco-real-no-added-sugar-coffee-double-shot,,https://assets.woolworths.com.au/images/1005/122232.jpg?impolicy=wowsmkqiema&w=260&h=260,$3.50,$7.00 / 1L,,, Add to cart , Save to list 
La Vie De Chateau Emmantal Per Kg,https://www.woolworths.com.au/shop/productdetails/32685/la-vie-de-chateau-emmantal,,https://assets.woolworths.com.au/images/1005/32685.jpg?impolicy=wowsmkqiema&w=260&h=260,$40.00,$40.00 / 1KG,,, Add to cart , Save to list 
Arlingtons Classic Hommus Snack Pot 95g,https://www.woolworths.com.au/shop/productdetails/804281/arlingtons-classic-hommus-snack-pot,https://www.woolworths.com.au/content/promotiontags/roundel-special-200x200.png,https://assets.woolworths.com.au/images/1005/804281.jpg?impolicy=wowsmkqiema&w=260&h=260,$3.00,$3.16 / 100G,,, Add to cart , Save to list 
King Island Dairy Netherby Cove Camembert Per Kg,https://www.woolworths.com.au/shop/productdetails/370000/king-island-dairy-netherby-cove-camembert-cheese,,https://assets.woolworths.com.au/images/1005/370000.jpg?impolicy=wowsmkqiema&w=260&h=260,$70.00,$70.00 / 1KG,,, Add to cart , Save to list 
Norco Real Iced Latte Caramel 500ml,https://www.woolworths.com.au/shop/productdetails/122222/norco-real-iced-latte-caramel,,https://assets.woolworths.com.au/images/1005/122222.jpg?impolicy=wowsmkqiema&w=260&h=260,$3.50,$7.00 / 1L,,, Add to cart , Save to list 
Hunter Belle Cheddar Cranberry & Pistachio 140g,https://www.woolworths.com.au/shop/productdetails/484504/hunter-belle-cheddar-cranberry-pistachio,https://www.woolworths.com.au/content/promotiontags/local-seals-nsw.png,https://assets.woolworths.com.au/images/1005/484504.jpg?impolicy=wowsmkqiema&w=260&h=260,$8.50,$60.71 / 1KG,,, Add to cart , Save to list 
King Island Dairy Seal Bay Triple Cream Brie Per Kg,https://www.woolworths.com.au/shop/productdetails/369595/king-island-dairy-seal-bay-triple-cream-brie,,https://assets.woolworths.com.au/images/1005/369595.jpg?impolicy=wowsmkqiema&w=260&h=260,$78.00,$78.00 / 1KG,,, Add to cart , Save to list 
Barbers Cheddar 1kg,https://www.woolworths.com.au/shop/productdetails/509413/barbers-cheddar,,https://assets.woolworths.com.au/images/1005/509413.jpg?impolicy=wowsmkqiema&w=260&h=260,$55.00,$55.00 / 1KG,,, Add to cart , Save to list 
Woolworths Beef & Black Bean With Vegetable Rice 350g,https://www.woolworths.com.au/shop/productdetails/232719/woolworths-beef-black-bean-with-vegetable-rice,,https://assets.woolworths.com.au/images/1005/232719.jpg?impolicy=wowsmkqiema&w=260&h=260,$10.00,$2.86 / 100G,,, Add to cart , Save to list 
Australia's Own Lower Cholesterol Milk 1l,https://www.woolworths.com.au/shop/productdetails/276707/australia-s-own-lower-cholesterol-milk,,https://assets.woolworths.com.au/images/1005/276707.jpg?impolicy=wowsmkqiema&w=260&h=260,$2.90,$2.90 / 1L,,, Add to cart , Save to list 
Lotus Peak Popping Bubble Tea 490ml,https://www.woolworths.com.au/shop/productdetails/229850/lotus-peak-popping-bubble-tea,,https://assets.woolworths.com.au/images/1005/229850.jpg?impolicy=wowsmkqiema&w=260&h=260,$5.00,$10.20 / 1L,,, Add to cart , Save to list 
Meliora Plant Based Egg 320ml,https://www.woolworths.com.au/shop/productdetails/176905/meliora-plant-based-egg,,https://assets.woolworths.com.au/images/1005/176905.jpg?impolicy=wowsmkqiema&w=260&h=260,$8.50,$2.58 / 100ML,,, Add to cart , Save to list 
Naked Life Original Betta Bobo Milk Bubble Tea Can 315ml,https://www.woolworths.com.au/shop/productdetails/219286/naked-life-original-betta-bobo-milk-bubble-tea-can,,https://assets.woolworths.com.au/images/1005/219286.jpg?impolicy=wowsmkqiema&w=260&h=260,$3.50,$11.11 / 1L,,, Add to cart , Save to list 
Woolworths Monterey Jack Jalapeno Cheese Jalapeno Per Kg,https://www.woolworths.com.au/shop/productdetails/790594/woolworths-monterey-jack-jalapeno-cheese-jalapeno,,https://assets.woolworths.com.au/images/1005/790594.jpg?impolicy=wowsmkqiema&w=260&h=260,$39.00,$39.00 / 1KG,,, Add to cart , Save to list 
Oak Plus No Sugar Added Berry Flavoured Milk 500ml,https://www.woolworths.com.au/shop/productdetails/211989/oak-plus-no-sugar-added-berry-flavoured-milk,,https://assets.woolworths.com.au/images/1005/211989.jpg?impolicy=wowsmkqiema&w=260&h=260,,,,,, Save to list 
Woolworths Free Range Egg Fettucini 350g,https://www.woolworths.com.au/shop/productdetails/167518/woolworths-free-range-egg-fettucini,,https://assets.woolworths.com.au/images/1005/167518.jpg?impolicy=wowsmkqiema&w=260&h=260,$7.00,$2.00 / 100G,4.7,286, Add to cart , Save to list 
Bio Cheese Cheddar Flavour Mild Salami & Crackers 60g,https://www.woolworths.com.au/shop/productdetails/177122/bio-cheese-cheddar-flavour-mild-salami-crackers,,https://assets.woolworths.com.au/images/1005/177122.jpg?impolicy=wowsmkqiema&w=260&h=260,$5.00,$83.33 / 1KG,,, Add to cart , Save to list 
Bio Cheese Cheddar Flavour Ham & Crackers 60g,https://www.woolworths.com.au/shop/productdetails/177094/bio-cheese-cheddar-flavour-ham-crackers,,https://assets.woolworths.com.au/images/1005/177094.jpg?impolicy=wowsmkqiema&w=260&h=260,$5.00,$83.33 / 1KG,,, Add to cart , Save to list 
Fromager D Affinois Bleu Per Kg,https://www.woolworths.com.au/shop/productdetails/369843/fromager-d-affinois-bleu,,https://assets.woolworths.com.au/images/1005/369843.jpg?impolicy=wowsmkqiema&w=260&h=260,$95.00,$95.00 / 1KG,,, Add to cart , Save to list 
King Island Dairy Stokes Point Smoked Cheddar Cheese Per Kg,https://www.woolworths.com.au/shop/productdetails/306286/king-island-dairy-stokes-point-smoked-cheddar-cheese,,https://assets.woolworths.com.au/images/1005/306286.jpg?impolicy=wowsmkqiema&w=260&h=260,$62.00,$62.00 / 1KG,,, Add to cart , Save to list 
Pace Farm Liberty Eggs 6 Large Cage Free Eggs 330g,https://www.woolworths.com.au/shop/productdetails/59789/pace-farm-liberty-eggs-6-large-cage-free-eggs,,https://assets.woolworths.com.au/images/1005/59789.jpg?impolicy=wowsmkqiema&w=260&h=260,,,,,, Save to list 
Hunter Belle Caramelised Onion & Thyme Cheddar 140g,https://www.woolworths.com.au/shop/productdetails/964668/hunter-belle-caramelised-onion-thyme-cheddar,https://www.woolworths.com.au/content/promotiontags/local-seals-nsw.png,https://assets.woolworths.com.au/images/1005/964668.jpg?impolicy=wowsmkqiema&w=260&h=260,$8.50,$60.71 / 1KG,,, Add to cart , Save to list 
Hunter Belle Cheddar Beer Cheese 140g,https://www.woolworths.com.au/shop/productdetails/964723/hunter-belle-cheddar-beer-cheese,,https://assets.woolworths.com.au/images/1005/964723.jpg?impolicy=wowsmkqiema&w=260&h=260,,,,,, Save to list 
King Island Dairy Surprise Bay Cheddar Cheese Per Kg,https://www.woolworths.com.au/shop/productdetails/370004/king-island-dairy-surprise-bay-cheddar-cheese,,https://assets.woolworths.com.au/images/1005/370004.jpg?impolicy=wowsmkqiema&w=260&h=260,$60.00,$60.00 / 1KG,,, Add to cart , Save to list 
Bio Cheese Cheddar Flavour Mild Salami & Marinated Olives 70g,https://www.woolworths.com.au/shop/productdetails/176851/bio-cheese-cheddar-flavour-mild-salami-marinated-olives,,https://assets.woolworths.com.au/images/1005/176851.jpg?impolicy=wowsmkqiema&w=260&h=260,$5.50,$78.57 / 1KG,,, Add to cart , Save to list 
Bodalla Tasmanian Pepperberry Cheddar 150g,https://www.woolworths.com.au/shop/productdetails/153371/bodalla-tasmanian-pepperberry-cheddar,,https://assets.woolworths.com.au/images/1005/153371.jpg?impolicy=wowsmkqiema&w=260&h=260,$8.00,$53.33 / 1KG,,, Add to cart , Save to list 
Happy Hens Egg Farm 12 X-large Cage Free Eggs 700g,https://www.woolworths.com.au/shop/productdetails/221772/happy-hens-egg-farm-12-x-large-cage-free-eggs,,https://assets.woolworths.com.au/images/1005/221772.jpg?impolicy=wowsmkqiema&w=260&h=260,,,,,, Save to list 
Hunter Belle Briebelle Triple Cream Brie 140g,https://www.woolworths.com.au/shop/productdetails/116989/hunter-belle-briebelle-triple-cream-brie,,https://assets.woolworths.com.au/images/1005/116989.jpg?impolicy=wowsmkqiema&w=260&h=260,,,,,, Save to list 
Hunter Belle Mexicana Cheddar 140g,https://www.woolworths.com.au/shop/productdetails/964669/hunter-belle-mexicana-cheddar,https://www.woolworths.com.au/content/promotiontags/local-seals-nsw.png,https://assets.woolworths.com.au/images/1005/964669.jpg?impolicy=wowsmkqiema&w=260&h=260,$8.50,$60.71 / 1KG,,, Add to cart , Save to list 
Hunter Belle Paste Cheddar & Quince 140g,https://www.woolworths.com.au/shop/productdetails/423812/hunter-belle-paste-cheddar-quince,https://www.woolworths.com.au/content/promotiontags/local-seals-nsw.png,https://assets.woolworths.com.au/images/1005/423812.jpg?impolicy=wowsmkqiema&w=260&h=260,$7.45,$53.21 / 1KG,,, Add to cart , Save to list 
Hunter Valley 12 Extra Large Free Range Eggs 700g,https://www.woolworths.com.au/shop/productdetails/117259/hunter-valley-12-extra-large-free-range-eggs,,https://assets.woolworths.com.au/images/1005/117259.jpg?impolicy=wowsmkqiema&w=260&h=260,,,,,, Save to list 
King Island Dairy Furneaux Double Cream Per Kg,https://www.woolworths.com.au/shop/productdetails/752506/king-island-dairy-furneaux-double-cream-cream,,https://assets.woolworths.com.au/images/1005/752506.jpg?impolicy=wowsmkqiema&w=260&h=260,$77.00,$77.00 / 1KG,,, Add to cart , Save to list 
Talbot Forest Cheese Co. Maasdam 150g,https://www.woolworths.com.au/shop/productdetails/237577/talbot-forest-cheese-co-maasdam,,https://assets.woolworths.com.au/images/1005/237577.jpg?impolicy=wowsmkqiema&w=260&h=260,$7.00,$46.67 / 1KG,,, Add to cart , Save to list 
Udder Delights Double Cream Brie 450g,https://www.woolworths.com.au/shop/productdetails/247603/udder-delights-double-cream-brie,,https://assets.woolworths.com.au/images/1005/247603.jpg?impolicy=wowsmkqiema&w=260&h=260,,,,,, Save to list 
Woolworths Free Range Egg Mushroom Medley & Thyme Angolotti 350g,https://www.woolworths.com.au/shop/productdetails/167519/woolworths-free-range-egg-mushroom-medley-thyme-angolotti,,https://assets.woolworths.com.au/images/1005/167519.jpg?impolicy=wowsmkqiema&w=260&h=260,$7.00,$2.00 / 100G,4.1,453, Add to cart , Save to list 
D'argental Cremeux 2kg,https://www.woolworths.com.au/shop/productdetails/36566/cremeux-d-argental-cremeux,,https://assets.woolworths.com.au/images/1005/36566.jpg?impolicy=wowsmkqiema&w=260&h=260,,,,,, Save to list 
Daly Potato Co. Daily Potato Co. Gluten Free Potato & Gravy 250g,https://www.woolworths.com.au/shop/productdetails/130442/daly-potato-co-daily-potato-co-gluten-free-potato-gravy,,https://assets.woolworths.com.au/images/1005/130442.jpg?impolicy=wowsmkqiema&w=260&h=260,,,,,, Save to list 
Daly Potato Co. Daily Potato Co. Gluten Free Potato & Gravy 450g,https://www.woolworths.com.au/shop/productdetails/130086/daly-potato-co-daily-potato-co-gluten-free-potato-gravy,,https://assets.woolworths.com.au/images/1005/130086.jpg?impolicy=wowsmkqiema&w=260&h=260,,,,,, Save to list 
Devondale 100% Pure Full Cream Long Life Milk 4x1l,https://www.woolworths.com.au/shop/productdetails/868664/devondale-100-pure-full-cream-long-life-milk,,https://assets.woolworths.com.au/images/1005/868664.jpg?impolicy=wowsmkqiema&w=260&h=260,,,,,, Save to list 
Devondale Skim Long Life Milk 4x1l,https://www.woolworths.com.au/shop/productdetails/868693/devondale-skim-long-life-milk,,https://assets.woolworths.com.au/images/1005/868693.jpg?impolicy=wowsmkqiema&w=260&h=260,,,,,, Save to list 
King Island Dairy Black Label Triple Cream Blue 1kg,https://www.woolworths.com.au/shop/productdetails/306316/king-island-dairy-black-label-triple-cream-blue,,https://assets.woolworths.com.au/images/1005/306316.jpg?impolicy=wowsmkqiema&w=260&h=260,$86.00,$86.00 / 1KG,,, Add to cart , Save to list 
Lurpak Butter Block Slightly Salted 500g,https://www.woolworths.com.au/shop/productdetails/121024/lurpak-butter-block-slightly-salted,,https://assets.woolworths.com.au/images/1005/121024.jpg?impolicy=wowsmkqiema&w=260&h=260,,,,,, Save to list 
Norco Non Dairy P2 Pea Proten White Mylk 1l,https://www.woolworths.com.au/shop/productdetails/263226/norco-non-dairy-p2-pea-proten-white-mylk,,https://assets.woolworths.com.au/images/1005/263226.jpg?impolicy=wowsmkqiema&w=260&h=260,,,,,, Save to list 
Pauls Premium Easter Egg Flavoured Custard 600g,https://www.woolworths.com.au/shop/productdetails/85278/pauls-premium-easter-egg-flavoured-custard,,https://assets.woolworths.com.au/images/1005/85278.jpg?impolicy=wowsmkqiema&w=260&h=260,,,,,, Save to list 
Riverina Full Cream Fetta 2kg,https://www.woolworths.com.au/shop/productdetails/672292/riverina-full-cream-fetta,,https://assets.woolworths.com.au/images/1005/672292.jpg?impolicy=wowsmkqiema&w=260&h=260,,,,,, Save to list 
Singletons Black Wax Cheddar Cheese Per Kg,https://www.woolworths.com.au/shop/productdetails/369761/singletons-black-wax-cheddar-cheese,,https://assets.woolworths.com.au/images/1005/369761.jpg?impolicy=wowsmkqiema&w=260&h=260,$70.00,$70.00 / 1KG,,, Add to cart , Save to list 
Woolworths Cranberry & Orange Glazed Loaf Chilled Meal 650g,https://www.woolworths.com.au/shop/productdetails/68873/woolworths-cranberry-orange-glazed-loaf-chilled-meal,,https://assets.woolworths.com.au/images/1005/68873.jpg?impolicy=wowsmkqiema&w=260&h=260,,,,,, Save to list 
