Title,Title_URL,Image,Price,Price1,Content,rating,cartcontrolsaddcart,Avg_price
Nescafe Blend 43 Instant Coffee Tin 500g,https://www.woolworths.com.au/shop/productdetails/35694/nescafe-blend-43-instant-coffee-tin,https://assets.woolworths.com.au/images/1005/35694.jpg?impolicy=wowsmkqiema&w=260&h=260,$17.00,$3.40 / 100G,5.0,2, Add to cart , Save to list 
Nescafe Gold Original 400g,https://www.woolworths.com.au/shop/productdetails/242184/nescafe-gold-original,https://assets.woolworths.com.au/images/1005/242184.jpg?impolicy=wowsmkqiema&w=260&h=260,$28.00,$7.00 / 100G,,, Add to cart , Save to list 
Starbucks By Nespresso House Blend Coffee Pods 10 Pack,https://www.woolworths.com.au/shop/productdetails/59706/starbucks-by-nespresso-house-blend-coffee-pods,https://assets.woolworths.com.au/images/1005/59706.jpg?impolicy=wowsmkqiema&w=260&h=260,$7.90,$0.79 / 1EA,,, Add to cart , Save to list 
Continental Sensations Stock Pot Chicken Chicken 28g X 4 Pack,https://www.woolworths.com.au/shop/productdetails/373176/continental-sensations-stock-pot-chicken-chicken,https://assets.woolworths.com.au/images/1005/373176.jpg?impolicy=wowsmkqiema&w=260&h=260,$4.50,$0.40 / 10G,5.0,1, Add to cart , Save to list 
Woolworths Diced Italian Tomatoes No Added Salt 400g,https://www.woolworths.com.au/shop/productdetails/770320/woolworths-diced-italian-tomatoes-no-added-salt,https://assets.woolworths.com.au/images/1005/770320.jpg?impolicy=wowsmkqiema&w=260&h=260,$1.10,$2.75 / 1KG,4.6,444, Add to cart , Save to list 
Essentials White Vinegar 2l,https://www.woolworths.com.au/shop/productdetails/94706/essentials-white-vinegar,https://assets.woolworths.com.au/images/1005/94706.jpg?impolicy=wowsmkqiema&w=260&h=260,$1.70,$0.09 / 100ML,4.8,700, Add to cart , Save to list 
Sanitarium Weet-bix Breakfast Cereal 1.2kg,https://www.woolworths.com.au/shop/productdetails/200695/sanitarium-weet-bix-breakfast-cereal,https://assets.woolworths.com.au/images/1005/200695.jpg?impolicy=wowsmkqiema&w=260&h=260,$6.00,$0.50 / 100G,,, Add to cart , Save to list 
Woolworths White Rice Long Grain 1kg,https://www.woolworths.com.au/shop/productdetails/35007/woolworths-white-rice-long-grain,https://assets.woolworths.com.au/images/1005/35007.jpg?impolicy=wowsmkqiema&w=260&h=260,$1.40,$0.14 / 100G,4.4,475, Add to cart , Save to list 
Sirena Tuna In Oil Italian Style 95g,https://www.woolworths.com.au/shop/productdetails/38609/sirena-tuna-in-oil-italian-style,https://assets.woolworths.com.au/images/1005/38609.jpg?impolicy=wowsmkqiema&w=260&h=260,$2.95,$31.05 / 1KG,,, Add to cart , Save to list 
Essentials White Sugar 2kg,https://www.woolworths.com.au/shop/productdetails/5743/essentials-white-sugar,https://assets.woolworths.com.au/images/1005/5743.jpg?impolicy=wowsmkqiema&w=260&h=260,$2.20,$0.11 / 100G,4.8,456, Add to cart , Save to list 
Masterfoods Tomato Sauce 500ml,https://www.woolworths.com.au/shop/productdetails/99633/masterfoods-tomato-sauce,https://assets.woolworths.com.au/images/1005/99633.jpg?impolicy=wowsmkqiema&w=260&h=260,$2.50,$0.50 / 100ML,,, Add to cart , Save to list 
Essentials White Sugar 1kg,https://www.woolworths.com.au/shop/productdetails/58537/essentials-white-sugar,https://assets.woolworths.com.au/images/1005/58537.jpg?impolicy=wowsmkqiema&w=260&h=260,$1.70,$0.17 / 100G,4.9,791, Add to cart , Save to list 
Woolworths Pasta Spaghetti 500g,https://www.woolworths.com.au/shop/productdetails/346830/woolworths-pasta-spaghetti,https://assets.woolworths.com.au/images/1005/346830.jpg?impolicy=wowsmkqiema&w=260&h=260,$1.00,$0.20 / 100G,4.6,686, Add to cart , Save to list 
John West Tuna Tempter Chunky Springwater 95g,https://www.woolworths.com.au/shop/productdetails/340411/john-west-tuna-tempter-chunky-springwater,https://assets.woolworths.com.au/images/1005/340411.jpg?impolicy=wowsmkqiema&w=260&h=260,$2.70,$28.42 / 1KG,,, Add to cart , Save to list 
Essentials Tuna Chunks In Spring Water 425g,https://www.woolworths.com.au/shop/productdetails/178886/essentials-tuna-chunks-in-spring-water,https://assets.woolworths.com.au/images/1005/178886.jpg?impolicy=wowsmkqiema&w=260&h=260,$3.50,$8.24 / 1KG,,, Add to cart , Save to list 
Vegemite Spread 560g,https://www.woolworths.com.au/shop/productdetails/280512/vegemite-spread,https://assets.woolworths.com.au/images/1005/280512.jpg?impolicy=wowsmkqiema&w=260&h=260,$9.00,$1.61 / 100G,5.0,1, Add to cart , Save to list 
Woolworths Tomato Sauce Squeeze 500ml,https://www.woolworths.com.au/shop/productdetails/230519/woolworths-tomato-sauce-squeeze,https://assets.woolworths.com.au/images/1005/230519.jpg?impolicy=wowsmkqiema&w=260&h=260,$1.80,$0.36 / 100ML,,, Add to cart , Save to list 
Woolworths Tuna In Oil 95g,https://www.woolworths.com.au/shop/productdetails/476701/woolworths-tuna-in-oil,https://assets.woolworths.com.au/images/1005/476701.jpg?impolicy=wowsmkqiema&w=260&h=260,$0.90,$9.47 / 1KG,4.4,242, Add to cart , Save to list 
Vegemite Spread 380g,https://www.woolworths.com.au/shop/productdetails/796439/vegemite-spread,https://assets.woolworths.com.au/images/1005/796439.jpg?impolicy=wowsmkqiema&w=260&h=260,$7.00,$1.84 / 100G,,, Add to cart , Save to list 
Woolworths Tuna In Springwater 95g,https://www.woolworths.com.au/shop/productdetails/476700/woolworths-tuna-in-springwater,https://assets.woolworths.com.au/images/1005/476700.jpg?impolicy=wowsmkqiema&w=260&h=260,$0.90,$9.47 / 1KG,4.4,348, Add to cart , Save to list 
Woolworths Sultanas 1kg,https://www.woolworths.com.au/shop/productdetails/95055/woolworths-sultanas,https://assets.woolworths.com.au/images/1005/95055.jpg?impolicy=wowsmkqiema&w=260&h=260,$5.00,$5.00 / 1KG,4.5,258, Add to cart , Save to list 
John West Tempters Tuna Lemon & Cracked Pepper 95g,https://www.woolworths.com.au/shop/productdetails/27570/john-west-tempters-tuna-lemon-cracked-pepper,https://assets.woolworths.com.au/images/1005/27570.jpg?impolicy=wowsmkqiema&w=260&h=260,$2.70,$28.42 / 1KG,,, Add to cart , Save to list 
Vegemite Spread 280g,https://www.woolworths.com.au/shop/productdetails/308872/vegemite-spread,https://assets.woolworths.com.au/images/1005/308872.jpg?impolicy=wowsmkqiema&w=260&h=260,$4.90,$1.75 / 100G,,, Add to cart , Save to list 
Ardmona Diced Vine Ripened Tomatoes 400g,https://www.woolworths.com.au/shop/productdetails/226849/ardmona-diced-vine-ripened-tomatoes,https://assets.woolworths.com.au/images/1005/226849.jpg?impolicy=wowsmkqiema&w=260&h=260,$1.60,$4.00 / 1KG,,, Add to cart , Save to list 
Old El Paso Mexican Taco Spice Mix 30g,https://www.woolworths.com.au/shop/productdetails/93444/old-el-paso-mexican-taco-spice-mix,https://assets.woolworths.com.au/images/1005/93444.jpg?impolicy=wowsmkqiema&w=260&h=260,$2.45,$8.17 / 100G,,, Add to cart , Save to list 
Essentials Table Salt 1kg,https://www.woolworths.com.au/shop/productdetails/37687/essentials-table-salt,https://assets.woolworths.com.au/images/1005/37687.jpg?impolicy=wowsmkqiema&w=260&h=260,$1.20,$0.01 / 10G,4.7,502, Add to cart , Save to list 
Woolworths Tomato Soup 420g,https://www.woolworths.com.au/shop/productdetails/659135/woolworths-tomato-soup,https://assets.woolworths.com.au/images/1005/659135.jpg?impolicy=wowsmkqiema&w=260&h=260,$1.10,$0.26 / 100G,4.1,307, Add to cart , Save to list 
Mission Street Mini Tacos 10 Pack,https://www.woolworths.com.au/shop/productdetails/610345/mission-street-mini-tacos,https://assets.woolworths.com.au/images/1005/610345.jpg?impolicy=wowsmkqiema&w=260&h=260,$4.40,$1.17 / 100G,,, Add to cart , Save to list 
Sanitarium Weet-bix Breakfast Cereal 575g,https://www.woolworths.com.au/shop/productdetails/793114/sanitarium-weet-bix-breakfast-cereal,https://assets.woolworths.com.au/images/1005/793114.jpg?impolicy=wowsmkqiema&w=260&h=260,$4.40,$0.77 / 100G,5.0,1, Add to cart , Save to list 
Woolworths Tomato Sauce 2l,https://www.woolworths.com.au/shop/productdetails/18040/woolworths-tomato-sauce,https://assets.woolworths.com.au/images/1005/18040.jpg?impolicy=wowsmkqiema&w=260&h=260,$4.70,$0.24 / 100ML,4.4,286, Add to cart , Save to list 
John West Tempters Tuna Chilli 95g,https://www.woolworths.com.au/shop/productdetails/57053/john-west-tempters-tuna-chilli,https://assets.woolworths.com.au/images/1005/57053.jpg?impolicy=wowsmkqiema&w=260&h=260,$2.70,$28.42 / 1KG,,, Add to cart , Save to list 
Woolworths Sundried Tomato Strips 270g,https://www.woolworths.com.au/shop/productdetails/520728/woolworths-sundried-tomato-strips,https://assets.woolworths.com.au/images/1005/520728.jpg?impolicy=wowsmkqiema&w=260&h=260,$2.65,$0.98 / 100G,4.3,728, Add to cart , Save to list 
Greenseas Tuna Tomato & Onion 95g,https://www.woolworths.com.au/shop/productdetails/7648/greenseas-tuna-tomato-onion-tomato-onion,https://assets.woolworths.com.au/images/1005/7648.jpg?impolicy=wowsmkqiema&w=260&h=260,$1.10,$11.58 / 1KG,,, Add to cart , Save to list 
Sunrice White Rice Premium Long Grain 1kg,https://www.woolworths.com.au/shop/productdetails/36493/sunrice-white-rice-premium-long-grain,https://assets.woolworths.com.au/images/1005/36493.jpg?impolicy=wowsmkqiema&w=260&h=260,$2.40,$0.24 / 100G,,, Add to cart , Save to list 
Woolworths Sesame Seeds 100g,https://www.woolworths.com.au/shop/productdetails/501762/woolworths-sesame-seeds,https://assets.woolworths.com.au/images/1005/501762.jpg?impolicy=wowsmkqiema&w=260&h=260,$1.10,$11.00 / 1KG,4.6,494, Add to cart , Save to list 
John West Tuna Olive Oil Blend 95g,https://www.woolworths.com.au/shop/productdetails/257360/john-west-tuna-olive-oil-blend,https://assets.woolworths.com.au/images/1005/257360.jpg?impolicy=wowsmkqiema&w=260&h=260,$2.70,$28.42 / 1KG,,, Add to cart , Save to list 
Annalisa Tomatoes Diced 400g,https://www.woolworths.com.au/shop/productdetails/38153/annalisa-tomatoes-diced,https://assets.woolworths.com.au/images/1005/38153.jpg?impolicy=wowsmkqiema&w=260&h=260,$1.70,$4.25 / 1KG,,, Add to cart , Save to list 
John West Tuna In Springwater 425g,https://www.woolworths.com.au/shop/productdetails/19736/john-west-tuna-in-springwater,https://assets.woolworths.com.au/images/1005/19736.jpg?impolicy=wowsmkqiema&w=260&h=260,$5.50,$12.94 / 1KG,,, Add to cart , Save to list 
Essentials White Sugar 3kg,https://www.woolworths.com.au/shop/productdetails/91869/essentials-white-sugar,https://assets.woolworths.com.au/images/1005/91869.jpg?impolicy=wowsmkqiema&w=260&h=260,$3.80,$0.13 / 100G,4.9,432, Add to cart , Save to list 
Csr White Sugar 1kg,https://www.woolworths.com.au/shop/productdetails/33156/csr-white-sugar,https://assets.woolworths.com.au/images/1005/33156.jpg?impolicy=wowsmkqiema&w=260&h=260,$1.90,$0.19 / 100G,,, Add to cart , Save to list 
San Remo Thin Spaghetti No. 4 500g,https://www.woolworths.com.au/shop/productdetails/43973/san-remo-thin-spaghetti-no-4,https://assets.woolworths.com.au/images/1005/43973.jpg?impolicy=wowsmkqiema&w=260&h=260,$2.95,$0.59 / 100G,,, Add to cart , Save to list 
Barilla Pasta Spaghetti 500g,https://www.woolworths.com.au/shop/productdetails/83763/barilla-pasta-spaghetti-pasta-no-5,https://assets.woolworths.com.au/images/1005/83763.jpg?impolicy=wowsmkqiema&w=260&h=260,$3.50,$0.70 / 100G,,, Add to cart , Save to list 
Woolworths Burrito Tortillas 15 Pack,https://www.woolworths.com.au/shop/productdetails/193458/woolworths-burrito-tortillas,https://assets.woolworths.com.au/images/1005/193458.jpg?impolicy=wowsmkqiema&w=260&h=260,$4.50,$0.65 / 100G,4.6,563, Add to cart , Save to list 
Fountain Soy Sauce 250ml,https://www.woolworths.com.au/shop/productdetails/53866/fountain-soy-sauce,https://assets.woolworths.com.au/images/1005/53866.jpg?impolicy=wowsmkqiema&w=260&h=260,$3.50,$1.40 / 100ML,,, Add to cart , Save to list 
Woolworths Tuna Sweet Chilli 95g,https://www.woolworths.com.au/shop/productdetails/827218/woolworths-tuna-sweet-chilli,https://assets.woolworths.com.au/images/1005/827218.jpg?impolicy=wowsmkqiema&w=260&h=260,$0.90,$9.47 / 1KG,4.5,26, Add to cart , Save to list 
Woolworths Thyme Fresh Herb 10g Punnet,https://www.woolworths.com.au/shop/productdetails/707367/woolworths-thyme-fresh-herb,https://assets.woolworths.com.au/images/1005/707367.jpg?impolicy=wowsmkqiema&w=260&h=260,$3.20,$3.20 / 10G,4.6,399, Add to cart , Save to list 
Macro Organic Tomatoes Diced No Added Salt 400g,https://www.woolworths.com.au/shop/productdetails/700642/macro-organic-tomatoes-diced-no-added-salt,https://assets.woolworths.com.au/images/1005/700642.jpg?impolicy=wowsmkqiema&w=260&h=260,$1.80,$4.50 / 1KG,4.6,627, Add to cart , Save to list 
Woolworths Walnuts Californian 450g,https://www.woolworths.com.au/shop/productdetails/726360/woolworths-walnuts-californian,https://assets.woolworths.com.au/images/1005/726360.jpg?impolicy=wowsmkqiema&w=260&h=260,$9.00,$20.00 / 1KG,4.6,302, Add to cart , Save to list 
Sunrice Quick Cups Microwave Fragrant Brown Rice 250g,https://www.woolworths.com.au/shop/productdetails/352043/sunrice-quick-cups-microwave-fragrant-brown-rice,https://assets.woolworths.com.au/images/1005/352043.jpg?impolicy=wowsmkqiema&w=260&h=260,$3.00,$1.20 / 100G,,, Add to cart , Save to list 
Woolworths Diced Italian Tomatoes 800g,https://www.woolworths.com.au/shop/productdetails/236393/woolworths-diced-italian-tomatoes,https://assets.woolworths.com.au/images/1005/236393.jpg?impolicy=wowsmkqiema&w=260&h=260,$2.00,$0.25 / 100G,4.6,347, Add to cart , Save to list 
Safcol Responsibly Fished Tuna In Spring Water 425g,https://www.woolworths.com.au/shop/productdetails/708381/safcol-responsibly-fished-tuna-in-spring-water,https://assets.woolworths.com.au/images/1005/708381.jpg?impolicy=wowsmkqiema&w=260&h=260,$4.65,$10.94 / 1KG,,, Add to cart , Save to list 
Holbrooks Sauce Worcestershire 500ml,https://www.woolworths.com.au/shop/productdetails/37774/holbrooks-sauce-worcestershire,https://assets.woolworths.com.au/images/1005/37774.jpg?impolicy=wowsmkqiema&w=260&h=260,$5.50,$1.10 / 100ML,,, Add to cart , Save to list 
Sirena Tuna In Oil Italian Style 185g,https://www.woolworths.com.au/shop/productdetails/38610/sirena-tuna-in-oil-italian-style,https://assets.woolworths.com.au/images/1005/38610.jpg?impolicy=wowsmkqiema&w=260&h=260,$4.70,$25.41 / 1KG,,, Add to cart , Save to list 
Lee Kum Kee Soy Sauce Premium 500ml,https://www.woolworths.com.au/shop/productdetails/198763/lee-kum-kee-soy-sauce-premium,https://assets.woolworths.com.au/images/1005/198763.jpg?impolicy=wowsmkqiema&w=260&h=260,$4.30,$0.86 / 100ML,,, Add to cart , Save to list 
Heinz Ketchup Tomato Sauce 500ml,https://www.woolworths.com.au/shop/productdetails/83563/heinz-ketchup-tomato-sauce-ketchup,https://assets.woolworths.com.au/images/1005/83563.jpg?impolicy=wowsmkqiema&w=260&h=260,$4.50,$0.90 / 100ML,5.0,1, Add to cart , Save to list 
Woolworths Sea Salt Grinder 110g,https://www.woolworths.com.au/shop/productdetails/887995/woolworths-sea-salt-grinder,https://assets.woolworths.com.au/images/1005/887995.jpg?impolicy=wowsmkqiema&w=260&h=260,$3.50,$0.32 / 10G,4.6,314, Add to cart , Save to list 
Woolworths Microwave Brown Rice 250g,https://www.woolworths.com.au/shop/productdetails/360351/woolworths-microwave-brown-rice,https://assets.woolworths.com.au/images/1005/360351.jpg?impolicy=wowsmkqiema&w=260&h=260,$1.75,$0.70 / 100G,4.4,1315, Add to cart , Save to list 
Sirena Tuna In Chilli Oil 95g,https://www.woolworths.com.au/shop/productdetails/85488/sirena-tuna-in-chilli-oil,https://assets.woolworths.com.au/images/1005/85488.jpg?impolicy=wowsmkqiema&w=260&h=260,$2.95,$31.05 / 1KG,,, Add to cart , Save to list 
Greenseas Tuna Chunks In Springwater 95g,https://www.woolworths.com.au/shop/productdetails/37250/greenseas-tuna-chunks-in-springwater-chunk-in-spring-water,https://assets.woolworths.com.au/images/1005/37250.jpg?impolicy=wowsmkqiema&w=260&h=260,$1.10,$11.58 / 1KG,,, Add to cart , Save to list 
Woolworths Uht Full Cream Milk 1l,https://www.woolworths.com.au/shop/productdetails/748595/woolworths-uht-full-cream-milk,https://assets.woolworths.com.au/images/1005/748595.jpg?impolicy=wowsmkqiema&w=260&h=260,$1.60,$1.60 / 1L,4.6,401, Add to cart , Save to list 
Woolworths Walnuts Californian 190g,https://www.woolworths.com.au/shop/productdetails/726359/woolworths-walnuts-californian,https://assets.woolworths.com.au/images/1005/726359.jpg?impolicy=wowsmkqiema&w=260&h=260,$4.37,$23.00 / 1KG,4.6,741, Add to cart , Save to list 
Deep Cove Sardines In Springwater 125g,https://www.woolworths.com.au/shop/productdetails/83235/deep-cove-sardines-in-springwater,https://assets.woolworths.com.au/images/1005/83235.jpg?impolicy=wowsmkqiema&w=260&h=260,$0.85,$6.80 / 1KG,3.7,135, Add to cart , Save to list 
Essentials Tuna Chunks In Spring Water 185g,https://www.woolworths.com.au/shop/productdetails/178887/essentials-tuna-chunks-in-spring-water,https://assets.woolworths.com.au/images/1005/178887.jpg?impolicy=wowsmkqiema&w=260&h=260,$1.80,$9.73 / 1KG,4.1,200, Add to cart , Save to list 
Essentials Diced Tomatoes 400g,https://www.woolworths.com.au/shop/productdetails/311488/essentials-diced-tomatoes,https://assets.woolworths.com.au/images/1005/311488.jpg?impolicy=wowsmkqiema&w=260&h=260,$0.97,$2.43 / 1KG,,, Add to cart , Save to list 
Sirena Tuna In Springwater 95g,https://www.woolworths.com.au/shop/productdetails/144821/sirena-tuna-in-springwater,https://assets.woolworths.com.au/images/1005/144821.jpg?impolicy=wowsmkqiema&w=260&h=260,$2.95,$31.05 / 1KG,,, Add to cart , Save to list 
Pearl River Bridge Soy Sauce Superior Light 500ml,https://www.woolworths.com.au/shop/productdetails/86/pearl-river-bridge-soy-sauce-superior-light,https://assets.woolworths.com.au/images/1005/86.jpg?impolicy=wowsmkqiema&w=260&h=260,$3.30,$0.66 / 100ML,,, Add to cart , Save to list 
Woolworths Sultanas 375g,https://www.woolworths.com.au/shop/productdetails/726367/woolworths-sultanas,https://assets.woolworths.com.au/images/1005/726367.jpg?impolicy=wowsmkqiema&w=260&h=260,$3.00,$8.00 / 1KG,4.4,546, Add to cart , Save to list 
Sunrice Quick Cups Microwave Fragrant Jasmine Rice 250g,https://www.woolworths.com.au/shop/productdetails/371052/sunrice-quick-cups-microwave-fragrant-jasmine-rice,https://assets.woolworths.com.au/images/1005/371052.jpg?impolicy=wowsmkqiema&w=260&h=260,$3.00,$1.20 / 100G,,, Add to cart , Save to list 
Woolworths Double Strength White Vinegar 2l,https://www.woolworths.com.au/shop/productdetails/73716/woolworths-double-strength-white-vinegar,https://assets.woolworths.com.au/images/1005/73716.jpg?impolicy=wowsmkqiema&w=260&h=260,$2.50,$0.13 / 100ML,4.8,701, Add to cart , Save to list 
Campbell's Condensed Soup Tomato 420g,https://www.woolworths.com.au/shop/productdetails/34287/campbell-s-condensed-soup-tomato,https://assets.woolworths.com.au/images/1005/34287.jpg?impolicy=wowsmkqiema&w=260&h=260,$2.00,$0.48 / 100G,,, Add to cart , Save to list 
Arnott's Shapes Vegemite & Cheese Cracker Biscuits 165g,https://www.woolworths.com.au/shop/productdetails/812783/arnott-s-shapes-vegemite-cheese-cracker-biscuits,https://assets.woolworths.com.au/images/1005/812783.jpg?impolicy=wowsmkqiema&w=260&h=260,$3.50,$2.12 / 100G,,, Add to cart , Save to list 
Mutti Finely Chopped Tomatoes 400g,https://www.woolworths.com.au/shop/productdetails/344550/mutti-finely-chopped-tomatoes,https://assets.woolworths.com.au/images/1005/344550.jpg?impolicy=wowsmkqiema&w=260&h=260,$2.00,$5.00 / 1KG,,, Add to cart , Save to list 
Sunbeam Australian Sultanas 1kg,https://www.woolworths.com.au/shop/productdetails/661325/sunbeam-australian-sultanas,https://assets.woolworths.com.au/images/1005/661325.jpg?impolicy=wowsmkqiema&w=260&h=260,$9.00,$9.00 / 1KG,,, Add to cart , Save to list 
Ardmona Crushed Vine Ripened Tomatoes 400g,https://www.woolworths.com.au/shop/productdetails/230392/ardmona-crushed-vine-ripened-tomatoes,https://assets.woolworths.com.au/images/1005/230392.jpg?impolicy=wowsmkqiema&w=260&h=260,$1.60,$3.90 / 1KG,,, Add to cart , Save to list 
Woolworths Taco Sauce Mild 240g,https://www.woolworths.com.au/shop/productdetails/671173/woolworths-taco-sauce-mild,https://assets.woolworths.com.au/images/1005/671173.jpg?impolicy=wowsmkqiema&w=260&h=260,$3.15,$1.31 / 100G,3.9,751, Add to cart , Save to list 
Lowan Yeast Dried Instant 280g,https://www.woolworths.com.au/shop/productdetails/184917/lowan-yeast-dried-instant,https://assets.woolworths.com.au/images/1005/184917.jpg?impolicy=wowsmkqiema&w=260&h=260,$4.80,$1.71 / 100G,5.0,1, Add to cart , Save to list 
Sanitarium Weet-bix Bites Wild Berry Breakfast Cereal 500g,https://www.woolworths.com.au/shop/productdetails/319428/sanitarium-weet-bix-bites-wild-berry-breakfast-cereal,https://assets.woolworths.com.au/images/1005/319428.jpg?impolicy=wowsmkqiema&w=260&h=260,$3.00,$0.60 / 100G,,, Add to cart , Save to list 
Woolworths Tuna Tomato And Onion 95g,https://www.woolworths.com.au/shop/productdetails/827217/woolworths-tuna-tomato-and-onion,https://assets.woolworths.com.au/images/1005/827217.jpg?impolicy=wowsmkqiema&w=260&h=260,$0.90,$9.47 / 1KG,4.2,251, Add to cart , Save to list 
Campbell's Real Stock Vegetable Liquid Stock 500ml,https://www.woolworths.com.au/shop/productdetails/41444/campbell-s-real-stock-vegetable-liquid-stock,https://assets.woolworths.com.au/images/1005/41444.jpg?impolicy=wowsmkqiema&w=260&h=260,$2.75,$0.55 / 100ML,5.0,1, Add to cart , Save to list 
Old El Paso Stand N Stuff Taco Kit 295g,https://www.woolworths.com.au/shop/productdetails/228154/old-el-paso-stand-n-stuff-taco-kit,https://assets.woolworths.com.au/images/1005/228154.jpg?impolicy=wowsmkqiema&w=260&h=260,$6.00,$2.03 / 100G,,, Add to cart , Save to list 
Woolworths Italian Peeled Tomatoes 400g,https://www.woolworths.com.au/shop/productdetails/218918/woolworths-italian-peeled-tomatoes,https://assets.woolworths.com.au/images/1005/218918.jpg?impolicy=wowsmkqiema&w=260&h=260,,,4.5,586,, Save to list 
Woolworths Microwave White Long Grain Rice Family 450g,https://www.woolworths.com.au/shop/productdetails/360352/woolworths-microwave-white-long-grain-rice-family,https://assets.woolworths.com.au/images/1005/360352.jpg?impolicy=wowsmkqiema&w=260&h=260,$2.75,$0.61 / 100G,4.0,583, Add to cart , Save to list 
San Remo Spaghetti Pasta No 5 500g,https://www.woolworths.com.au/shop/productdetails/43974/san-remo-spaghetti-pasta-no-5,https://assets.woolworths.com.au/images/1005/43974.jpg?impolicy=wowsmkqiema&w=260&h=260,$2.95,$0.59 / 100G,,, Add to cart , Save to list 
Fountain Tomato Sauce Reduced Sugar 500ml,https://www.woolworths.com.au/shop/productdetails/757858/fountain-tomato-sauce-reduced-sugar-reduced-sugar,https://assets.woolworths.com.au/images/1005/757858.jpg?impolicy=wowsmkqiema&w=260&h=260,$2.00,$0.40 / 100ML,,, Add to cart , Save to list 
John West Tempters Tuna Onion & Tomato Savoury Sauce 95g,https://www.woolworths.com.au/shop/productdetails/57070/john-west-tempters-tuna-onion-tomato-savoury-sauce,https://assets.woolworths.com.au/images/1005/57070.jpg?impolicy=wowsmkqiema&w=260&h=260,$2.70,$28.42 / 1KG,5.0,1, Add to cart , Save to list 
Sunbeam Australian Sultanas 375g,https://www.woolworths.com.au/shop/productdetails/39731/sunbeam-australian-sultanas,https://assets.woolworths.com.au/images/1005/39731.jpg?impolicy=wowsmkqiema&w=260&h=260,$4.50,$12.00 / 1KG,,, Add to cart , Save to list 
Woolworths Basmati Rice 1kg,https://www.woolworths.com.au/shop/productdetails/694550/woolworths-basmati-rice,https://assets.woolworths.com.au/images/1005/694550.jpg?impolicy=wowsmkqiema&w=260&h=260,$3.75,$0.38 / 100G,4.8,282, Add to cart , Save to list 
Sanitarium Weet-bix Breakfast Cereal 375g,https://www.woolworths.com.au/shop/productdetails/33021/sanitarium-weet-bix-breakfast-cereal,https://assets.woolworths.com.au/images/1005/33021.jpg?impolicy=wowsmkqiema&w=260&h=260,$3.50,$0.93 / 100G,,, Add to cart , Save to list 
Woolworths Salmon In Springwater 95g,https://www.woolworths.com.au/shop/productdetails/693763/woolworths-salmon-in-springwater,https://assets.woolworths.com.au/images/1005/693763.jpg?impolicy=wowsmkqiema&w=260&h=260,$1.40,$14.74 / 1KG,4.0,301, Add to cart , Save to list 
Woolworths Spaghetti In Tomato Sauce 420g,https://www.woolworths.com.au/shop/productdetails/47681/woolworths-spaghetti-in-tomato-sauce,https://assets.woolworths.com.au/images/1005/47681.jpg?impolicy=wowsmkqiema&w=260&h=260,$1.10,$0.26 / 100G,3.3,769, Add to cart , Save to list 
Woolworths Brown Rice Microwave Cups 2 Pack,https://www.woolworths.com.au/shop/productdetails/552488/woolworths-brown-rice-microwave-cups,https://assets.woolworths.com.au/images/1005/552488.jpg?impolicy=wowsmkqiema&w=260&h=260,$2.20,$0.88 / 100G,4.2,864, Add to cart , Save to list 
Fountain Tomato Sauce 500ml,https://www.woolworths.com.au/shop/productdetails/306969/fountain-tomato-sauce-squeeze,https://assets.woolworths.com.au/images/1005/306969.jpg?impolicy=wowsmkqiema&w=260&h=260,$2.00,$0.40 / 100ML,,, Add to cart , Save to list 
Woolworths Jasmine Rice 1kg,https://www.woolworths.com.au/shop/productdetails/601342/woolworths-jasmine-rice,https://assets.woolworths.com.au/images/1005/601342.jpg?impolicy=wowsmkqiema&w=260&h=260,$3.35,$0.34 / 100G,4.6,792, Add to cart , Save to list 
Woolworths Microwave Basmati Rice 250g,https://www.woolworths.com.au/shop/productdetails/360348/woolworths-microwave-basmati-rice,https://assets.woolworths.com.au/images/1005/360348.jpg?impolicy=wowsmkqiema&w=260&h=260,$1.75,$0.70 / 100G,4.4,1198, Add to cart , Save to list 
Woolworths Crunchy Taco Shells 12 Pack,https://www.woolworths.com.au/shop/productdetails/780547/woolworths-crunchy-taco-shells,https://assets.woolworths.com.au/images/1005/780547.jpg?impolicy=wowsmkqiema&w=260&h=260,$2.40,$1.43 / 100G,4.2,1946, Add to cart , Save to list 
Campbell's Real Stock Vegetable Salt Reduced Liquid Stock 1l,https://www.woolworths.com.au/shop/productdetails/172638/campbell-s-real-stock-vegetable-salt-reduced-liquid-stock,https://assets.woolworths.com.au/images/1005/172638.jpg?impolicy=wowsmkqiema&w=260&h=260,$3.50,$0.35 / 100ML,,, Add to cart , Save to list 
Woolworths Tuna Chilli 95g,https://www.woolworths.com.au/shop/productdetails/476702/woolworths-tuna-chilli,https://assets.woolworths.com.au/images/1005/476702.jpg?impolicy=wowsmkqiema&w=260&h=260,$0.90,$9.47 / 1KG,4.2,209, Add to cart , Save to list 
Deep Cove Sardines In Oil 125g,https://www.woolworths.com.au/shop/productdetails/83237/deep-cove-sardines-in-oil,https://assets.woolworths.com.au/images/1005/83237.jpg?impolicy=wowsmkqiema&w=260&h=260,$0.85,$6.80 / 1KG,4.2,133, Add to cart , Save to list 
Essentials Iodised Table Salt Drum 500g,https://www.woolworths.com.au/shop/productdetails/204373/essentials-iodised-table-salt-drum,https://assets.woolworths.com.au/images/1005/204373.jpg?impolicy=wowsmkqiema&w=260&h=260,$1.00,$0.02 / 10G,4.5,487, Add to cart , Save to list 
Masterfoods Traditional Tartare Sauce 220g,https://www.woolworths.com.au/shop/productdetails/32766/masterfoods-traditional-tartare-sauce,https://assets.woolworths.com.au/images/1005/32766.jpg?impolicy=wowsmkqiema&w=260&h=260,$2.50,$1.14 / 100G,,, Add to cart , Save to list 
Essentials Raw Sugar 2kg,https://www.woolworths.com.au/shop/productdetails/18174/essentials-raw-sugar,https://assets.woolworths.com.au/images/1005/18174.jpg?impolicy=wowsmkqiema&w=260&h=260,$3.20,$0.16 / 100G,4.8,680, Add to cart , Save to list 
Woolworths Rosemary Fresh Herb 10g Punnet,https://www.woolworths.com.au/shop/productdetails/707370/woolworths-rosemary-fresh-herb,https://assets.woolworths.com.au/images/1005/707370.jpg?impolicy=wowsmkqiema&w=260&h=260,$3.20,$3.20 / 10G,4.4,428, Add to cart , Save to list 
Old El Paso Mexican Burrito Tortillas 10 Pack,https://www.woolworths.com.au/shop/productdetails/67866/old-el-paso-mexican-burrito-tortillas,https://assets.woolworths.com.au/images/1005/67866.jpg?impolicy=wowsmkqiema&w=260&h=260,$4.00,$1.00 / 100G,,, Add to cart , Save to list 
Essentials Raw Sugar 3kg,https://www.woolworths.com.au/shop/productdetails/4897/essentials-raw-sugar,https://assets.woolworths.com.au/images/1005/4897.jpg?impolicy=wowsmkqiema&w=260&h=260,$4.50,$0.15 / 100G,4.8,513, Add to cart , Save to list 
Masterfoods Reduced Salt & Sugar Tomato Sauce 475ml,https://www.woolworths.com.au/shop/productdetails/608712/masterfoods-reduced-salt-sugar-tomato-sauce,https://assets.woolworths.com.au/images/1005/608712.jpg?impolicy=wowsmkqiema&w=260&h=260,$2.50,$0.53 / 100ML,,, Add to cart , Save to list 
Tandaco Dry Yeast 12x7g Sachets 84g,https://www.woolworths.com.au/shop/productdetails/39156/tandaco-dry-yeast-12x7g-sachets,https://assets.woolworths.com.au/images/1005/39156.jpg?impolicy=wowsmkqiema&w=260&h=260,$5.50,$6.55 / 100G,,, Add to cart , Save to list 
Pauls Zymil Lactose Free Full Cream Long Life Milk 1l,https://www.woolworths.com.au/shop/productdetails/730998/pauls-zymil-lactose-free-full-cream-long-life-milk,https://assets.woolworths.com.au/images/1005/730998.jpg?impolicy=wowsmkqiema&w=260&h=260,$3.00,$3.00 / 1L,,, Add to cart , Save to list 
Massel Gourmet Liquid Stock Vegetable 1l,https://www.woolworths.com.au/shop/productdetails/249574/massel-gourmet-liquid-stock-vegetable,https://assets.woolworths.com.au/images/1005/249574.jpg?impolicy=wowsmkqiema&w=260&h=260,$3.80,$0.38 / 100ML,,, Add to cart , Save to list 
Obento Japanese Rice Wine Vinegar 250ml,https://www.woolworths.com.au/shop/productdetails/229400/obento-japanese-rice-wine-vinegar,https://assets.woolworths.com.au/images/1005/229400.jpg?impolicy=wowsmkqiema&w=260&h=260,$2.60,$1.04 / 100ML,,, Add to cart , Save to list 
Woolworths Thyme Leaves 12g,https://www.woolworths.com.au/shop/productdetails/251228/woolworths-thyme-leaves,https://assets.woolworths.com.au/images/1005/251228.jpg?impolicy=wowsmkqiema&w=260&h=260,$1.65,$1.38 / 10G,4.6,636, Add to cart , Save to list 
Woolworths Uht Skim Milk 1l,https://www.woolworths.com.au/shop/productdetails/748597/woolworths-uht-skim-milk,https://assets.woolworths.com.au/images/1005/748597.jpg?impolicy=wowsmkqiema&w=260&h=260,$1.60,$1.60 / 1L,4.2,323, Add to cart , Save to list 
Saxa Table Salt Drum 750g,https://www.woolworths.com.au/shop/productdetails/33246/saxa-table-salt-drum-plain,https://assets.woolworths.com.au/images/1005/33246.jpg?impolicy=wowsmkqiema&w=260&h=260,$4.50,$0.06 / 10G,,, Add to cart , Save to list 
Greenseas Tuna Sweet Chilli 95g,https://www.woolworths.com.au/shop/productdetails/85719/greenseas-tuna-sweet-chilli-sweet-chilli,https://assets.woolworths.com.au/images/1005/85719.jpg?impolicy=wowsmkqiema&w=260&h=260,$1.10,$11.58 / 1KG,,, Add to cart , Save to list 
Greenseas Tuna Lemon Pepper 95g,https://www.woolworths.com.au/shop/productdetails/7733/greenseas-tuna-lemon-pepper-lemon-pepper,https://assets.woolworths.com.au/images/1005/7733.jpg?impolicy=wowsmkqiema&w=260&h=260,$1.10,$11.58 / 1KG,,, Add to cart , Save to list 
Old El Paso Mild Taco Sauce 200g,https://www.woolworths.com.au/shop/productdetails/93442/old-el-paso-mild-taco-sauce,https://assets.woolworths.com.au/images/1005/93442.jpg?impolicy=wowsmkqiema&w=260&h=260,$3.20,$1.60 / 100G,,, Add to cart , Save to list 
Spc Spaghetti Rich Tomato 420g,https://www.woolworths.com.au/shop/productdetails/187769/spc-spaghetti-rich-tomato-rich-tomato-sauce,https://assets.woolworths.com.au/images/1005/187769.jpg?impolicy=wowsmkqiema&w=260&h=260,$1.70,$0.40 / 100G,,, Add to cart , Save to list 
Woolworths Microwave Jasmine Rice 250g,https://www.woolworths.com.au/shop/productdetails/360346/woolworths-microwave-jasmine-rice,https://assets.woolworths.com.au/images/1005/360346.jpg?impolicy=wowsmkqiema&w=260&h=260,$1.75,$0.70 / 100G,4.1,475, Add to cart , Save to list 
Woolworths Turmeric Ground 30g,https://www.woolworths.com.au/shop/productdetails/251230/woolworths-turmeric-ground-ground,https://assets.woolworths.com.au/images/1005/251230.jpg?impolicy=wowsmkqiema&w=260&h=260,$1.20,$0.40 / 10G,4.6,654, Add to cart , Save to list 
Abc Kecap Manis Sweet Soy Sauce 275ml,https://www.woolworths.com.au/shop/productdetails/720977/abc-kecap-manis-sweet-soy-sauce,https://assets.woolworths.com.au/images/1005/720977.jpg?impolicy=wowsmkqiema&w=260&h=260,$2.00,$0.73 / 100ML,,, Add to cart , Save to list 
Essentials Iodised Salt 1kg,https://www.woolworths.com.au/shop/productdetails/758501/essentials-iodised-salt,https://assets.woolworths.com.au/images/1005/758501.jpg?impolicy=wowsmkqiema&w=260&h=260,$2.00,$0.02 / 10G,4.5,469, Add to cart , Save to list 
Twinings English Breakfast Tea Bags 100 Pack,https://www.woolworths.com.au/shop/productdetails/72618/twinings-english-breakfast-tea-bags-tea-bags,https://assets.woolworths.com.au/images/1005/72618.jpg?impolicy=wowsmkqiema&w=260&h=260,$6.75,$0.07 / 1EA,,, Add to cart , Save to list 
Woolworths Worcestershire Sauce 250ml,https://www.woolworths.com.au/shop/productdetails/230475/woolworths-worcestershire-sauce,https://assets.woolworths.com.au/images/1005/230475.jpg?impolicy=wowsmkqiema&w=260&h=260,$2.00,$0.80 / 100ML,4.3,1319, Add to cart , Save to list 
Csr White Sugar 500g,https://www.woolworths.com.au/shop/productdetails/335936/csr-white-sugar,https://assets.woolworths.com.au/images/1005/335936.jpg?impolicy=wowsmkqiema&w=260&h=260,$1.70,$0.34 / 100G,,, Add to cart , Save to list 
Moro Vinegar White Wine 500ml,https://www.woolworths.com.au/shop/productdetails/195090/moro-vinegar-white-wine,https://assets.woolworths.com.au/images/1005/195090.jpg?impolicy=wowsmkqiema&w=260&h=260,$5.00,$1.00 / 100ML,,, Add to cart , Save to list 
Annalisa Diced Tomatoes 800g,https://www.woolworths.com.au/shop/productdetails/517500/annalisa-diced-tomatoes,https://assets.woolworths.com.au/images/1005/517500.jpg?impolicy=wowsmkqiema&w=260&h=260,$2.70,$3.38 / 1KG,,, Add to cart , Save to list 
John West Sardines In Oil 110g,https://www.woolworths.com.au/shop/productdetails/34947/john-west-sardines-in-oil,https://assets.woolworths.com.au/images/1005/34947.jpg?impolicy=wowsmkqiema&w=260&h=260,$3.00,$27.27 / 1KG,,, Add to cart , Save to list 
Woolworths White Rice Long Grain 5kg,https://www.woolworths.com.au/shop/productdetails/72779/woolworths-white-rice-long-grain,https://assets.woolworths.com.au/images/1005/72779.jpg?impolicy=wowsmkqiema&w=260&h=260,$7.00,$0.14 / 100G,4.4,193, Add to cart , Save to list 
Cornwell's White Vinegar White 750ml,https://www.woolworths.com.au/shop/productdetails/16928/cornwell-s-white-vinegar-white,https://assets.woolworths.com.au/images/1005/16928.jpg?impolicy=wowsmkqiema&w=260&h=260,$3.10,$0.41 / 100ML,,, Add to cart , Save to list 
Fountain Tomato Sauce Value Pack 2l,https://www.woolworths.com.au/shop/productdetails/175901/fountain-tomato-sauce-value-pack,https://assets.woolworths.com.au/images/1005/175901.jpg?impolicy=wowsmkqiema&w=260&h=260,$3.75,$0.19 / 100ML,,, Add to cart , Save to list 
Heinz Big Red Tomato Soup For One 300g,https://www.woolworths.com.au/shop/productdetails/14615/heinz-big-red-tomato-soup-for-one-tomato,https://assets.woolworths.com.au/images/1005/14615.jpg?impolicy=wowsmkqiema&w=260&h=260,$2.30,$0.77 / 100G,,, Add to cart , Save to list 
Woolworths Sunflower Seeds 200g,https://www.woolworths.com.au/shop/productdetails/501763/woolworths-sunflower-seeds,https://assets.woolworths.com.au/images/1005/501763.jpg?impolicy=wowsmkqiema&w=260&h=260,$1.60,$8.00 / 1KG,4.4,373, Add to cart , Save to list 
Mission Original Tortillas 12 Pack,https://www.woolworths.com.au/shop/productdetails/333915/mission-original-tortillas,https://assets.woolworths.com.au/images/1005/333915.jpg?impolicy=wowsmkqiema&w=260&h=260,$3.80,$0.66 / 100G,,, Add to cart , Save to list 
John West Tempters Tuna Smoked 95g,https://www.woolworths.com.au/shop/productdetails/211299/john-west-tempters-tuna-smoked,https://assets.woolworths.com.au/images/1005/211299.jpg?impolicy=wowsmkqiema&w=260&h=260,$2.70,$28.42 / 1KG,,, Add to cart , Save to list 
Barilla Pasta Rigatoni 500g,https://www.woolworths.com.au/shop/productdetails/88382/barilla-pasta-rigatoni-pasta-no-89,https://assets.woolworths.com.au/images/1005/88382.jpg?impolicy=wowsmkqiema&w=260&h=260,$3.50,$0.70 / 100G,,, Add to cart , Save to list 
Heinz Classic Creamy Pumpkin Soup Canned Vegetable Soup 535g,https://www.woolworths.com.au/shop/productdetails/19145/heinz-classic-creamy-pumpkin-soup-canned-vegetable-soup,https://assets.woolworths.com.au/images/1005/19145.jpg?impolicy=wowsmkqiema&w=260&h=260,$3.50,$0.65 / 100G,,, Add to cart , Save to list 
Old El Paso Soft Taco Dinner Kit 405g,https://www.woolworths.com.au/shop/productdetails/2037/old-el-paso-soft-taco-dinner-kit,https://assets.woolworths.com.au/images/1005/2037.jpg?impolicy=wowsmkqiema&w=260&h=260,$5.25,$1.30 / 100G,,, Add to cart , Save to list 
Zafarelli Spaghetti No4 500g,https://www.woolworths.com.au/shop/productdetails/9014/zafarelli-spaghetti-no4,https://assets.woolworths.com.au/images/1005/9014.jpg?impolicy=wowsmkqiema&w=260&h=260,$1.85,$0.37 / 100G,,, Add to cart , Save to list 
Woolworths Pink Himalayan Salt Grinder 110g,https://www.woolworths.com.au/shop/productdetails/887994/woolworths-pink-himalayan-salt-grinder,https://assets.woolworths.com.au/images/1005/887994.jpg?impolicy=wowsmkqiema&w=260&h=260,$3.00,$0.27 / 10G,4.7,849, Add to cart , Save to list 
Greenseas Tuna Smoke Flavour 95g,https://www.woolworths.com.au/shop/productdetails/7707/greenseas-tuna-smoke-flavour-natural-smoked-flavour,https://assets.woolworths.com.au/images/1005/7707.jpg?impolicy=wowsmkqiema&w=260&h=260,$1.10,$11.58 / 1KG,,, Add to cart , Save to list 
Pauls Zymil Lactose Free Low Fat Long Life Milk 1l,https://www.woolworths.com.au/shop/productdetails/146547/pauls-zymil-lactose-free-low-fat-long-life-milk,https://assets.woolworths.com.au/images/1005/146547.jpg?impolicy=wowsmkqiema&w=260&h=260,$3.00,$3.00 / 1L,,, Add to cart , Save to list 
Chang's Rice Vermicelli 250g,https://www.woolworths.com.au/shop/productdetails/87453/chang-s-rice-vermicelli,https://assets.woolworths.com.au/images/1005/87453.jpg?impolicy=wowsmkqiema&w=260&h=260,$1.75,$0.70 / 100G,,, Add to cart , Save to list 
Woolworths Chicken Liquid Stock 1l,https://www.woolworths.com.au/shop/productdetails/310251/woolworths-chicken-liquid-stock,https://assets.woolworths.com.au/images/1005/310251.jpg?impolicy=wowsmkqiema&w=260&h=260,$2.00,$0.20 / 100ML,4.3,252, Add to cart , Save to list 
Holbrooks Sauce Worcestershire 250ml,https://www.woolworths.com.au/shop/productdetails/34420/holbrooks-sauce-worcestershire,https://assets.woolworths.com.au/images/1005/34420.jpg?impolicy=wowsmkqiema&w=260&h=260,$3.00,$1.20 / 100ML,,, Add to cart , Save to list 
Heinz Classic Creamy Tomato Soup Canned Vegetable Soup 535g,https://www.woolworths.com.au/shop/productdetails/828496/heinz-classic-creamy-tomato-soup-canned-vegetable-soup,https://assets.woolworths.com.au/images/1005/828496.jpg?impolicy=wowsmkqiema&w=260&h=260,$3.50,$0.65 / 100G,,, Add to cart , Save to list 
Woolworths Sultanas 6 Pack,https://www.woolworths.com.au/shop/productdetails/311977/woolworths-sultanas,https://assets.woolworths.com.au/images/1005/311977.jpg?impolicy=wowsmkqiema&w=260&h=260,$2.00,$8.33 / 1KG,4.5,557, Add to cart , Save to list 
Praise Tartare Sauce 250ml,https://www.woolworths.com.au/shop/productdetails/785763/praise-tartare-sauce,https://assets.woolworths.com.au/images/1005/785763.jpg?impolicy=wowsmkqiema&w=260&h=260,$3.50,$1.40 / 100ML,,, Add to cart , Save to list 
Mr Chen's Rice Wine Vinegar 250ml,https://www.woolworths.com.au/shop/productdetails/123041/mr-chen-s-rice-wine-vinegar,https://assets.woolworths.com.au/images/1005/123041.jpg?impolicy=wowsmkqiema&w=260&h=260,$1.80,$0.72 / 100ML,,, Add to cart , Save to list 
Old El Paso Mexican Jumbo Taco Shells 10 Pack,https://www.woolworths.com.au/shop/productdetails/46370/old-el-paso-mexican-jumbo-taco-shells,https://assets.woolworths.com.au/images/1005/46370.jpg?impolicy=wowsmkqiema&w=260&h=260,$4.50,$2.37 / 100G,,, Add to cart , Save to list 
Masterfoods Marinade Teriyaki 375g,https://www.woolworths.com.au/shop/productdetails/57688/masterfoods-marinade-teriyaki,https://assets.woolworths.com.au/images/1005/57688.jpg?impolicy=wowsmkqiema&w=260&h=260,$4.50,$1.20 / 100G,,, Add to cart , Save to list 
Sirena Tuna In Springwater 185g,https://www.woolworths.com.au/shop/productdetails/75363/sirena-tuna-in-springwater,https://assets.woolworths.com.au/images/1005/75363.jpg?impolicy=wowsmkqiema&w=260&h=260,$4.70,$25.41 / 1KG,,, Add to cart , Save to list 
Old El Paso Mexican Mini Tortillas 10 Pack,https://www.woolworths.com.au/shop/productdetails/248677/old-el-paso-mexican-mini-tortillas,https://assets.woolworths.com.au/images/1005/248677.jpg?impolicy=wowsmkqiema&w=260&h=260,$4.50,$1.80 / 100G,,, Add to cart , Save to list 
Kikkoman Soy Sauce Soy 250ml,https://www.woolworths.com.au/shop/productdetails/37808/kikkoman-soy-sauce-soy,https://assets.woolworths.com.au/images/1005/37808.jpg?impolicy=wowsmkqiema&w=260&h=260,$5.90,$2.36 / 100ML,,, Add to cart , Save to list 
Woolworths Baked Beans In Tomato Sauce 420g,https://www.woolworths.com.au/shop/productdetails/47682/woolworths-baked-beans-in-tomato-sauce,https://assets.woolworths.com.au/images/1005/47682.jpg?impolicy=wowsmkqiema&w=260&h=260,$1.10,$0.26 / 100G,3.9,479, Add to cart , Save to list 
A+ Snacks Seaweed 4.5g,https://www.woolworths.com.au/shop/productdetails/788498/a-snacks-seaweed,https://assets.woolworths.com.au/images/1005/788498.jpg?impolicy=wowsmkqiema&w=260&h=260,$1.00,$22.22 / 100G,,, Add to cart , Save to list 
Heinz Classic Hearty Vegetable Soup Canned Ready Meals 535g,https://www.woolworths.com.au/shop/productdetails/750512/heinz-classic-hearty-vegetable-soup-canned-ready-meals,https://assets.woolworths.com.au/images/1005/750512.jpg?impolicy=wowsmkqiema&w=260&h=260,$3.50,$0.65 / 100G,,, Add to cart , Save to list 
Woolworths Barbecue Sauce Squeeze 500ml,https://www.woolworths.com.au/shop/productdetails/230504/woolworths-barbecue-sauce-squeeze,https://assets.woolworths.com.au/images/1005/230504.jpg?impolicy=wowsmkqiema&w=260&h=260,$1.80,$0.36 / 100ML,4.0,1, Add to cart , Save to list 
Vegeta Vegetable Gourmet Stock Powder 250g,https://www.woolworths.com.au/shop/productdetails/21724/vegeta-vegetable-gourmet-stock-powder,https://assets.woolworths.com.au/images/1005/21724.jpg?impolicy=wowsmkqiema&w=260&h=260,$2.00,$0.08 / 10G,5.0,1, Add to cart , Save to list 
Woolworths Rosemary Leaves 18g,https://www.woolworths.com.au/shop/productdetails/251141/woolworths-rosemary-leaves,https://assets.woolworths.com.au/images/1005/251141.jpg?impolicy=wowsmkqiema&w=260&h=260,$1.25,$0.69 / 10G,4.5,877, Add to cart , Save to list 
Greenseas Sandwich Tuna Flakes 95g,https://www.woolworths.com.au/shop/productdetails/21569/greenseas-sandwich-tuna-flakes-sandwich-flakes,https://assets.woolworths.com.au/images/1005/21569.jpg?impolicy=wowsmkqiema&w=260&h=260,$1.10,$11.58 / 1KG,,, Add to cart , Save to list 
Sunrice Quick Cups Microwave Long Grain White Rice 250g,https://www.woolworths.com.au/shop/productdetails/352041/sunrice-quick-cups-microwave-long-grain-white-rice,https://assets.woolworths.com.au/images/1005/352041.jpg?impolicy=wowsmkqiema&w=260&h=260,$3.00,$1.20 / 100G,,, Add to cart , Save to list 
Woolworths Microwave Long Grain White Rice 250g,https://www.woolworths.com.au/shop/productdetails/360343/woolworths-microwave-long-grain-white-rice,https://assets.woolworths.com.au/images/1005/360343.jpg?impolicy=wowsmkqiema&w=260&h=260,$1.75,$0.70 / 100G,,, Add to cart , Save to list 
Bushells Blue Label Black Tea 100 Pack,https://www.woolworths.com.au/shop/productdetails/36655/bushells-blue-label-black-tea,https://assets.woolworths.com.au/images/1005/36655.jpg?impolicy=wowsmkqiema&w=260&h=260,$3.85,$0.04 / 1EA,,, Add to cart , Save to list 
Suimin Chicken Noodle Cup 70g,https://www.woolworths.com.au/shop/productdetails/54624/suimin-chicken-noodle-cup,https://assets.woolworths.com.au/images/1005/54624.jpg?impolicy=wowsmkqiema&w=260&h=260,$1.50,$2.14 / 100G,,, Add to cart , Save to list 
Csr White Sugar 2kg,https://www.woolworths.com.au/shop/productdetails/33157/csr-white-sugar,https://assets.woolworths.com.au/images/1005/33157.jpg?impolicy=wowsmkqiema&w=260&h=260,$2.80,$0.14 / 100G,5.0,1, Add to cart , Save to list 
John West Tempters Tuna Oven Dried Tomato Basil 95g,https://www.woolworths.com.au/shop/productdetails/27574/john-west-tempters-tuna-oven-dried-tomato-basil,https://assets.woolworths.com.au/images/1005/27574.jpg?impolicy=wowsmkqiema&w=260&h=260,$2.70,$28.42 / 1KG,,, Add to cart , Save to list 
Woolworths Tuna Mexican Style 95g,https://www.woolworths.com.au/shop/productdetails/476705/woolworths-tuna-mexican-style,https://assets.woolworths.com.au/images/1005/476705.jpg?impolicy=wowsmkqiema&w=260&h=260,$0.90,$9.47 / 1KG,4.6,18, Add to cart , Save to list 
Campbell's Chunky Soup Beef & Veg 505g,https://www.woolworths.com.au/shop/productdetails/245573/campbell-s-chunky-soup-beef-veg,https://assets.woolworths.com.au/images/1005/245573.jpg?impolicy=wowsmkqiema&w=260&h=260,$4.20,$0.83 / 100G,,, Add to cart , Save to list 
Masterfoods Barbecue Sauce 500ml,https://www.woolworths.com.au/shop/productdetails/99696/masterfoods-barbecue-sauce,https://assets.woolworths.com.au/images/1005/99696.jpg?impolicy=wowsmkqiema&w=260&h=260,$2.50,$0.50 / 100ML,,, Add to cart , Save to list 
Mission Tortilla Strips White Corn 230g,https://www.woolworths.com.au/shop/productdetails/362693/mission-tortilla-strips-white-corn,https://assets.woolworths.com.au/images/1005/362693.jpg?impolicy=wowsmkqiema&w=260&h=260,$4.00,$1.74 / 100G,,, Add to cart , Save to list 
Vegemite Salt Reduced 40% Less Salt 235g,https://www.woolworths.com.au/shop/productdetails/97722/vegemite-salt-reduced-40-less-salt,https://assets.woolworths.com.au/images/1005/97722.jpg?impolicy=wowsmkqiema&w=260&h=260,$5.20,$2.21 / 100G,,, Add to cart , Save to list 
Essentials Tuna In Oil 425g,https://www.woolworths.com.au/shop/productdetails/30438/essentials-tuna-in-oil-in-oil,https://assets.woolworths.com.au/images/1005/30438.jpg?impolicy=wowsmkqiema&w=260&h=260,$3.50,$8.24 / 1KG,4.4,170, Add to cart , Save to list 
Vetta Smart Fibre Spaghetti 500g,https://www.woolworths.com.au/shop/productdetails/91105/vetta-smart-fibre-spaghetti,https://assets.woolworths.com.au/images/1005/91105.jpg?impolicy=wowsmkqiema&w=260&h=260,$2.35,$0.47 / 100G,,, Add to cart , Save to list 
Sandhurst Tomatoes Sundried 125g,https://www.woolworths.com.au/shop/productdetails/733311/sandhurst-tomatoes-sundried,https://assets.woolworths.com.au/images/1005/733311.jpg?impolicy=wowsmkqiema&w=260&h=260,$4.00,$32.00 / 1KG,,, Add to cart , Save to list 
Woolworths Pasta Spirals 500g,https://www.woolworths.com.au/shop/productdetails/346833/woolworths-pasta-spirals,https://assets.woolworths.com.au/images/1005/346833.jpg?impolicy=wowsmkqiema&w=260&h=260,$1.00,$0.20 / 100G,4.5,804, Add to cart , Save to list 
Ben's Original Special Fried Microwave Rice Pouch 250g,https://www.woolworths.com.au/shop/productdetails/270976/ben-s-original-special-fried-microwave-rice-pouch,https://assets.woolworths.com.au/images/1005/270976.jpg?impolicy=wowsmkqiema&w=260&h=260,$3.00,$1.20 / 100G,,, Add to cart , Save to list 
John West Tuna Tempters Zesty Vinaigrette 95g,https://www.woolworths.com.au/shop/productdetails/92589/john-west-tuna-tempters-zesty-vinaigrette,https://assets.woolworths.com.au/images/1005/92589.jpg?impolicy=wowsmkqiema&w=260&h=260,$2.70,$28.42 / 1KG,,, Add to cart , Save to list 
Double Phoenix Bean Vermicelli Noodles 200g,https://www.woolworths.com.au/shop/productdetails/103214/double-phoenix-bean-vermicelli-noodles,https://assets.woolworths.com.au/images/1005/103214.jpg?impolicy=wowsmkqiema&w=260&h=260,$1.90,$0.95 / 100G,,, Add to cart , Save to list 
John West Tuna Sweet Corn & Mayonnaise 95g,https://www.woolworths.com.au/shop/productdetails/310694/john-west-tuna-sweet-corn-mayonnaise,https://assets.woolworths.com.au/images/1005/310694.jpg?impolicy=wowsmkqiema&w=260&h=260,$2.70,$28.42 / 1KG,,, Add to cart , Save to list 
Spam Ham Classic 340g,https://www.woolworths.com.au/shop/productdetails/33964/spam-ham-classic,https://assets.woolworths.com.au/images/1005/33964.jpg?impolicy=wowsmkqiema&w=260&h=260,$3.80,$11.18 / 1KG,,, Add to cart , Save to list 
Saxa Table Salt Picnic Pack 125g,https://www.woolworths.com.au/shop/productdetails/43115/saxa-table-salt-picnic-pack-picnic-pack,https://assets.woolworths.com.au/images/1005/43115.jpg?impolicy=wowsmkqiema&w=260&h=260,$2.50,$0.20 / 10G,,, Add to cart , Save to list 
Woolworths Vinegar White Wine 500ml,https://www.woolworths.com.au/shop/productdetails/256881/woolworths-vinegar-white-wine,https://assets.woolworths.com.au/images/1005/256881.jpg?impolicy=wowsmkqiema&w=260&h=260,$2.50,$0.50 / 100ML,,, Add to cart , Save to list 
Sunrice Sunrice Rice Jasmine 1kg,https://www.woolworths.com.au/shop/productdetails/267557/sunrice-rice-jasmine,https://assets.woolworths.com.au/images/1005/267557.jpg?impolicy=wowsmkqiema&w=260&h=260,$3.25,$0.33 / 100G,,, Add to cart , Save to list 
Huy Fong Sriracha 482g,https://www.woolworths.com.au/shop/productdetails/824590/huy-fong-sriracha,https://assets.woolworths.com.au/images/1005/824590.jpg?impolicy=wowsmkqiema&w=260&h=260,,,,,, Save to list 
Masterfoods Aussie Farmers Tomato Sauce 500ml,https://www.woolworths.com.au/shop/productdetails/728606/masterfoods-aussie-farmers-tomato-sauce,https://assets.woolworths.com.au/images/1005/728606.jpg?impolicy=wowsmkqiema&w=260&h=260,$2.50,$0.50 / 100ML,,, Add to cart , Save to list 
Old El Paso Medium Taco Sauce 200g,https://www.woolworths.com.au/shop/productdetails/93443/old-el-paso-medium-taco-sauce,https://assets.woolworths.com.au/images/1005/93443.jpg?impolicy=wowsmkqiema&w=260&h=260,$3.20,$1.60 / 100G,,, Add to cart , Save to list 
Ben's Original Savoury Chicken Flavour Microwave Rice Pouch 250g,https://www.woolworths.com.au/shop/productdetails/261735/ben-s-original-savoury-chicken-flavour-microwave-rice-pouch,https://assets.woolworths.com.au/images/1005/261735.jpg?impolicy=wowsmkqiema&w=260&h=260,$3.00,$1.20 / 100G,,, Add to cart , Save to list 
Essentials Tuna In Oil 185g,https://www.woolworths.com.au/shop/productdetails/94681/essentials-tuna-in-oil,https://assets.woolworths.com.au/images/1005/94681.jpg?impolicy=wowsmkqiema&w=260&h=260,$1.80,$9.73 / 1KG,4.6,5, Add to cart , Save to list 
Mayver's Hulled Tahini Spread 385g,https://www.woolworths.com.au/shop/productdetails/29348/mayver-s-hulled-tahini-spread,https://assets.woolworths.com.au/images/1005/29348.jpg?impolicy=wowsmkqiema&w=260&h=260,$6.50,$1.69 / 100G,4.7,23, Add to cart , Save to list 
Woolworths Sumac Ground 40g,https://www.woolworths.com.au/shop/productdetails/251222/woolworths-sumac-ground,https://assets.woolworths.com.au/images/1005/251222.jpg?impolicy=wowsmkqiema&w=260&h=260,$2.80,$0.70 / 10G,4.0,602, Add to cart , Save to list 
Dollar Sweets 100s & 1000s 190g,https://www.woolworths.com.au/shop/productdetails/264091/dollar-sweets-100s-1000s,https://assets.woolworths.com.au/images/1005/264091.jpg?impolicy=wowsmkqiema&w=260&h=260,$2.15,$1.13 / 100G,,, Add to cart , Save to list 
Macro Organic Spaghetti Pasta 500g,https://www.woolworths.com.au/shop/productdetails/215450/macro-organic-spaghetti-pasta,https://assets.woolworths.com.au/images/1005/215450.jpg?impolicy=wowsmkqiema&w=260&h=260,$1.65,$0.33 / 100G,4.8,364, Add to cart , Save to list 
Woolworths Soy Milk 1l,https://www.woolworths.com.au/shop/productdetails/779130/woolworths-soy-milk,https://assets.woolworths.com.au/images/1005/779130.jpg?impolicy=wowsmkqiema&w=260&h=260,$1.15,$1.15 / 1L,4.0,578, Add to cart , Save to list 
Beerenberg Tomato Sauce 300ml,https://www.woolworths.com.au/shop/productdetails/9297/beerenberg-tomato-sauce,https://assets.woolworths.com.au/images/1005/9297.jpg?impolicy=wowsmkqiema&w=260&h=260,$5.20,$1.73 / 100ML,,, Add to cart , Save to list 
Safcol Sardines In Oil 110g,https://www.woolworths.com.au/shop/productdetails/803728/safcol-sardines-in-oil,https://assets.woolworths.com.au/images/1005/803728.jpg?impolicy=wowsmkqiema&w=260&h=260,$1.90,$17.27 / 1KG,,, Add to cart , Save to list 
Woolworths Uht Lite Milk 1l,https://www.woolworths.com.au/shop/productdetails/748596/woolworths-uht-lite-milk,https://assets.woolworths.com.au/images/1005/748596.jpg?impolicy=wowsmkqiema&w=260&h=260,$1.60,$1.60 / 1L,4.3,899, Add to cart , Save to list 
Brunswick Sardines In Springwater No Added Salt 106g,https://www.woolworths.com.au/shop/productdetails/24811/brunswick-sardines-in-springwater-no-added-salt,https://assets.woolworths.com.au/images/1005/24811.jpg?impolicy=wowsmkqiema&w=260&h=260,$1.65,$15.57 / 1KG,,, Add to cart , Save to list 
Heinz Spaghetti Multipack Pasta Tinned Spaghetti 220g X3 Pack,https://www.woolworths.com.au/shop/productdetails/158436/heinz-spaghetti-multipack-pasta-tinned-spaghetti,https://assets.woolworths.com.au/images/1005/158436.jpg?impolicy=wowsmkqiema&w=260&h=260,$4.90,$0.74 / 100G,,, Add to cart , Save to list 
Heinz Classic Country Chicken Soup Canned Soup Ready Meals 535g,https://www.woolworths.com.au/shop/productdetails/20749/heinz-classic-country-chicken-soup-canned-soup-ready-meals,https://assets.woolworths.com.au/images/1005/20749.jpg?impolicy=wowsmkqiema&w=260&h=260,$3.50,$0.65 / 100G,,, Add to cart , Save to list 
Sunrice Microwave Fragrant Brown Rice Family Sz 450g,https://www.woolworths.com.au/shop/productdetails/311461/sunrice-microwave-fragrant-brown-rice-family-sz,https://assets.woolworths.com.au/images/1005/311461.jpg?impolicy=wowsmkqiema&w=260&h=260,$4.00,$0.89 / 100G,,, Add to cart , Save to list 
Saxa Iodised Table Salt Shaker 750g,https://www.woolworths.com.au/shop/productdetails/33245/saxa-iodised-table-salt-shaker,https://assets.woolworths.com.au/images/1005/33245.jpg?impolicy=wowsmkqiema&w=260&h=260,$4.50,$0.06 / 10G,,, Add to cart , Save to list 
Sunrice White Rice Calrose Medium Grain 10kg,https://www.woolworths.com.au/shop/productdetails/75816/sunrice-white-rice-calrose-medium-grain,https://assets.woolworths.com.au/images/1005/75816.jpg?impolicy=wowsmkqiema&w=260&h=260,$38.00,$0.38 / 100G,,, Add to cart , Save to list 
Woolworths Tuna Laksa 95g,https://www.woolworths.com.au/shop/productdetails/64837/woolworths-tuna-laksa,https://assets.woolworths.com.au/images/1005/64837.jpg?impolicy=wowsmkqiema&w=260&h=260,$0.90,$9.47 / 1KG,3.9,340, Add to cart , Save to list 
Csr Raw Sugar 1kg,https://www.woolworths.com.au/shop/productdetails/36630/csr-raw-sugar,https://assets.woolworths.com.au/images/1005/36630.jpg?impolicy=wowsmkqiema&w=260&h=260,$2.50,$0.25 / 100G,4.0,1, Add to cart , Save to list 
Campbell's Real Stock Beef Liquid Stock 1l,https://www.woolworths.com.au/shop/productdetails/30825/campbell-s-real-stock-beef-liquid-stock,https://assets.woolworths.com.au/images/1005/30825.jpg?impolicy=wowsmkqiema&w=260&h=260,$3.50,$0.35 / 100ML,,, Add to cart , Save to list 
Riviana Basmati Rice Extra Long Grain 1kg,https://www.woolworths.com.au/shop/productdetails/34294/riviana-basmati-rice-extra-long-grain,https://assets.woolworths.com.au/images/1005/34294.jpg?impolicy=wowsmkqiema&w=260&h=260,$5.30,$0.53 / 100G,,, Add to cart , Save to list 
Lea & Perrins Worcestershire Sauce 290ml,https://www.woolworths.com.au/shop/productdetails/252148/lea-perrins-worcestershire-sauce,https://assets.woolworths.com.au/images/1005/252148.jpg?impolicy=wowsmkqiema&w=260&h=260,$5.00,$1.72 / 100ML,,, Add to cart , Save to list 
Obento Japanese Noodles Udon 200g,https://www.woolworths.com.au/shop/productdetails/263251/obento-japanese-noodles-udon,https://assets.woolworths.com.au/images/1005/263251.jpg?impolicy=wowsmkqiema&w=260&h=260,$1.00,$0.50 / 100G,,, Add to cart , Save to list 
Old El Paso Mexican Family Tortillas 16 Pack 640g,https://www.woolworths.com.au/shop/productdetails/335845/old-el-paso-mexican-family-tortillas,https://assets.woolworths.com.au/images/1005/335845.jpg?impolicy=wowsmkqiema&w=260&h=260,$6.00,$0.94 / 100G,,, Add to cart , Save to list 
Csr Raw Sugar Sticks 50 Pack 150g,https://www.woolworths.com.au/shop/productdetails/498331/csr-raw-sugar-sticks,https://assets.woolworths.com.au/images/1005/498331.jpg?impolicy=wowsmkqiema&w=260&h=260,$2.85,$1.90 / 100G,,, Add to cart , Save to list 
Masterfoods Seafood Cocktail Sauce 260g,https://www.woolworths.com.au/shop/productdetails/34435/masterfoods-seafood-cocktail-sauce,https://assets.woolworths.com.au/images/1005/34435.jpg?impolicy=wowsmkqiema&w=260&h=260,$2.50,$0.96 / 100G,,, Add to cart , Save to list 
Old El Paso Mexican Burrito Tortillas 6 Pack,https://www.woolworths.com.au/shop/productdetails/85730/old-el-paso-mexican-burrito-tortillas,https://assets.woolworths.com.au/images/1005/85730.jpg?impolicy=wowsmkqiema&w=260&h=260,$3.60,$1.50 / 100G,,, Add to cart , Save to list 
Saxa Iodised Cooking Salt 1kg,https://www.woolworths.com.au/shop/productdetails/306494/saxa-iodised-cooking-salt-iodised,https://assets.woolworths.com.au/images/1005/306494.jpg?impolicy=wowsmkqiema&w=260&h=260,$2.20,$0.02 / 10G,,, Add to cart , Save to list 
Sunrice Heat & Serve Rice & Quinoa 250g,https://www.woolworths.com.au/shop/productdetails/792122/sunrice-heat-serve-rice-quinoa,https://assets.woolworths.com.au/images/1005/792122.jpg?impolicy=wowsmkqiema&w=260&h=260,$3.50,$1.40 / 100G,,, Add to cart , Save to list 
Woolworths Sage Fresh Herb 10g Punnet,https://www.woolworths.com.au/shop/productdetails/707369/woolworths-sage-fresh-herb,https://assets.woolworths.com.au/images/1005/707369.jpg?impolicy=wowsmkqiema&w=260&h=260,$3.20,$3.20 / 10G,,, Add to cart , Save to list 
Leggo's Bolognese - Chunky Tomato Garlic & Herbs Pasta Sauce 500g,https://www.woolworths.com.au/shop/productdetails/450687/leggo-s-bolognese-chunky-tomato-garlic-herbs-pasta-sauce,https://assets.woolworths.com.au/images/1005/450687.jpg?impolicy=wowsmkqiema&w=260&h=260,$4.30,$0.86 / 100G,,, Add to cart , Save to list 
Tiao Hu Soy Sauce 500ml,https://www.woolworths.com.au/shop/productdetails/113228/tiao-hu-soy-sauce,https://assets.woolworths.com.au/images/1005/113228.jpg?impolicy=wowsmkqiema&w=260&h=260,$1.90,$0.38 / 100ML,,, Add to cart , Save to list 
Heinz Big Red Salt Reduced Condensed Tomato Soup 420g,https://www.woolworths.com.au/shop/productdetails/79077/heinz-big-red-salt-reduced-condensed-tomato-soup,https://assets.woolworths.com.au/images/1005/79077.jpg?impolicy=wowsmkqiema&w=260&h=260,$2.50,$0.60 / 100G,,, Add to cart , Save to list 
Sanitarium So Good Long Life Regular Soy Milk 1l,https://www.woolworths.com.au/shop/productdetails/24318/sanitarium-so-good-long-life-regular-soy-milk,https://assets.woolworths.com.au/images/1005/24318.jpg?impolicy=wowsmkqiema&w=260&h=260,$2.20,$2.20 / 1L,,, Add to cart , Save to list 
Ardmona Whole Peeled Vine Ripened Tomatoes 400g,https://www.woolworths.com.au/shop/productdetails/235198/ardmona-whole-peeled-vine-ripened-tomatoes,https://assets.woolworths.com.au/images/1005/235198.jpg?impolicy=wowsmkqiema&w=260&h=260,$1.60,$4.00 / 1KG,,, Add to cart , Save to list 
Mutti Parma Polpa Finely Chopped Tomatoes 790g,https://www.woolworths.com.au/shop/productdetails/131559/mutti-parma-polpa-finely-chopped-tomatoes,https://assets.woolworths.com.au/images/1005/131559.jpg?impolicy=wowsmkqiema&w=260&h=260,$3.60,$4.56 / 1KG,,, Add to cart , Save to list 
Sunrice Microwave Medium Grain Brown Rice In 90 250g,https://www.woolworths.com.au/shop/productdetails/244756/sunrice-microwave-medium-grain-brown-rice-in-90,https://assets.woolworths.com.au/images/1005/244756.jpg?impolicy=wowsmkqiema&w=260&h=260,$3.00,$1.20 / 100G,,, Add to cart , Save to list 
Annalisa Tomatoes Peeled 400g,https://www.woolworths.com.au/shop/productdetails/37810/annalisa-tomatoes-peeled,https://assets.woolworths.com.au/images/1005/37810.jpg?impolicy=wowsmkqiema&w=260&h=260,$1.70,$4.25 / 1KG,,, Add to cart , Save to list 
Spc Spaghetti Rich Tomato 4 X 220g,https://www.woolworths.com.au/shop/productdetails/247302/spc-spaghetti-rich-tomato-rich-tomato-sauce,https://assets.woolworths.com.au/images/1005/247302.jpg?impolicy=wowsmkqiema&w=260&h=260,$5.00,$0.57 / 100G,,, Add to cart , Save to list 
Ardmona Crushed Vine Ripened Tomatoes 810g,https://www.woolworths.com.au/shop/productdetails/77884/ardmona-crushed-vine-ripened-tomatoes,https://assets.woolworths.com.au/images/1005/77884.jpg?impolicy=wowsmkqiema&w=260&h=260,$3.00,$3.70 / 1KG,,, Add to cart , Save to list 
Essentials Tuna In Brine 425g,https://www.woolworths.com.au/shop/productdetails/92591/essentials-tuna-in-brine,https://assets.woolworths.com.au/images/1005/92591.jpg?impolicy=wowsmkqiema&w=260&h=260,$3.50,$8.24 / 1KG,3.9,23, Add to cart , Save to list 
Podravka Vegeta Vegetable Gourmet Stock Powder 500g,https://www.woolworths.com.au/shop/productdetails/92922/podravka-vegeta-vegetable-gourmet-stock-powder,https://assets.woolworths.com.au/images/1005/92922.jpg?impolicy=wowsmkqiema&w=260&h=260,$6.50,$0.13 / 10G,,, Add to cart , Save to list 
Saxa Iodised Sea Salt Grinder 90g,https://www.woolworths.com.au/shop/productdetails/226270/saxa-iodised-sea-salt-grinder-grinder,https://assets.woolworths.com.au/images/1005/226270.jpg?impolicy=wowsmkqiema&w=260&h=260,$5.50,$0.61 / 10G,,, Add to cart , Save to list 
San Remo Rigatoni Pasta No 22 500g,https://www.woolworths.com.au/shop/productdetails/93054/san-remo-rigatoni-pasta-no-22,https://assets.woolworths.com.au/images/1005/93054.jpg?impolicy=wowsmkqiema&w=260&h=260,$2.95,$0.59 / 100G,,, Add to cart , Save to list 
John West Salmon Tempters In Olive Oil 95g,https://www.woolworths.com.au/shop/productdetails/715636/john-west-salmon-tempters-in-olive-oil,https://assets.woolworths.com.au/images/1005/715636.jpg?impolicy=wowsmkqiema&w=260&h=260,$2.90,$30.53 / 1KG,,, Add to cart , Save to list 
Kikkoman Tamari Soy Sauce 250ml,https://www.woolworths.com.au/shop/productdetails/318603/kikkoman-tamari-soy-sauce,https://assets.woolworths.com.au/images/1005/318603.jpg?impolicy=wowsmkqiema&w=260&h=260,$4.85,$1.94 / 100ML,,, Add to cart , Save to list 
Obento Japanese Seasoning Sushi 250ml,https://www.woolworths.com.au/shop/productdetails/263255/obento-japanese-seasoning-sushi,https://assets.woolworths.com.au/images/1005/263255.jpg?impolicy=wowsmkqiema&w=260&h=260,$3.60,$1.44 / 100ML,,, Add to cart , Save to list 
Sunrice Jasmine Fragrant Rice 5kg,https://www.woolworths.com.au/shop/productdetails/803520/sunrice-jasmine-fragrant-rice,https://assets.woolworths.com.au/images/1005/803520.jpg?impolicy=wowsmkqiema&w=260&h=260,$24.00,$0.48 / 100G,,, Add to cart , Save to list 
Pandaroo Sushi Rice 1kg,https://www.woolworths.com.au/shop/productdetails/229234/pandaroo-sushi-rice,https://assets.woolworths.com.au/images/1005/229234.jpg?impolicy=wowsmkqiema&w=260&h=260,$5.50,$0.55 / 100G,,, Add to cart , Save to list 
Tabasco Chilli Sauce Red Pepper 60ml,https://www.woolworths.com.au/shop/productdetails/33129/tabasco-chilli-sauce-red-pepper,https://assets.woolworths.com.au/images/1005/33129.jpg?impolicy=wowsmkqiema&w=260&h=260,$4.70,$7.83 / 100ML,,, Add to cart , Save to list 
Woolworths Pepper Grinder Black Peppercorn 50g,https://www.woolworths.com.au/shop/productdetails/334639/woolworths-pepper-grinder-black-peppercorn,https://assets.woolworths.com.au/images/1005/334639.jpg?impolicy=wowsmkqiema&w=260&h=260,$3.50,$0.70 / 10G,4.6,267, Add to cart , Save to list 
John West Tuna Tempters Sweet Chilli 95g,https://www.woolworths.com.au/shop/productdetails/663986/john-west-tuna-tempters-sweet-chilli,https://assets.woolworths.com.au/images/1005/663986.jpg?impolicy=wowsmkqiema&w=260&h=260,$2.70,$28.42 / 1KG,,, Add to cart , Save to list 
La Gina Diced Tomatoes 400g,https://www.woolworths.com.au/shop/productdetails/808420/la-gina-diced-tomatoes,https://assets.woolworths.com.au/images/1005/808420.jpg?impolicy=wowsmkqiema&w=260&h=260,$1.80,$0.45 / 100G,,, Add to cart , Save to list 
Old El Paso Family Taco Shell 202g,https://www.woolworths.com.au/shop/productdetails/8386/old-el-paso-family-taco-shell,https://assets.woolworths.com.au/images/1005/8386.jpg?impolicy=wowsmkqiema&w=260&h=260,$5.00,$2.48 / 100G,,, Add to cart , Save to list 
Woolworths Beef Liquid Stock 1l,https://www.woolworths.com.au/shop/productdetails/310253/woolworths-beef-liquid-stock,https://assets.woolworths.com.au/images/1005/310253.jpg?impolicy=wowsmkqiema&w=260&h=260,$2.00,$0.20 / 100ML,4.4,400, Add to cart , Save to list 
Tetley Tea Bags 100 Pack,https://www.woolworths.com.au/shop/productdetails/574821/tetley-tea-bags,https://assets.woolworths.com.au/images/1005/574821.jpg?impolicy=wowsmkqiema&w=260&h=260,$3.80,$0.04 / 1EA,,, Add to cart , Save to list 
Campbell's Real Stock Chicken Liquid Stock 1l,https://www.woolworths.com.au/shop/productdetails/77750/campbell-s-real-stock-chicken-liquid-stock,https://assets.woolworths.com.au/images/1005/77750.jpg?impolicy=wowsmkqiema&w=260&h=260,$3.50,$0.35 / 100ML,5.0,1, Add to cart , Save to list 
Queen Imitation Flavouring Vanilla 300ml,https://www.woolworths.com.au/shop/productdetails/141858/queen-imitation-flavouring-vanilla,https://assets.woolworths.com.au/images/1005/141858.jpg?impolicy=wowsmkqiema&w=260&h=260,$3.00,$1.00 / 100ML,,, Add to cart , Save to list 
Sunbeam Yoghurt Coated Sultanas 180g,https://www.woolworths.com.au/shop/productdetails/466062/sunbeam-yoghurt-coated-sultanas,https://assets.woolworths.com.au/images/1005/466062.jpg?impolicy=wowsmkqiema&w=260&h=260,$5.00,$27.78 / 1KG,,, Add to cart , Save to list 
Ozesauce Tomato Sauce 500ml,https://www.woolworths.com.au/shop/productdetails/742407/ozesauce-tomato-sauce,https://assets.woolworths.com.au/images/1005/742407.jpg?impolicy=wowsmkqiema&w=260&h=260,$3.30,$0.66 / 100ML,,, Add to cart , Save to list 
Barilla Pasta Spaghettini 500g,https://www.woolworths.com.au/shop/productdetails/88057/barilla-pasta-spaghettini-spaghettini-pasta-no-3,https://assets.woolworths.com.au/images/1005/88057.jpg?impolicy=wowsmkqiema&w=260&h=260,$3.50,$0.70 / 100G,,, Add to cart , Save to list 
Spc Spag-a-saurus Tomato & Cheese 420g,https://www.woolworths.com.au/shop/productdetails/13170/spc-spag-a-saurus-tomato-cheese-spagasaurus-shapes,https://assets.woolworths.com.au/images/1005/13170.jpg?impolicy=wowsmkqiema&w=260&h=260,$1.70,$0.40 / 100G,,, Add to cart , Save to list 
Essentials Pasta Penne 500g,https://www.woolworths.com.au/shop/productdetails/188800/essentials-pasta-penne,https://assets.woolworths.com.au/images/1005/188800.jpg?impolicy=wowsmkqiema&w=260&h=260,$0.90,$0.18 / 100G,4.5,690, Add to cart , Save to list 
Macro Organic Quinoa Tri Colour 500g,https://www.woolworths.com.au/shop/productdetails/717631/macro-organic-quinoa-tri-colour,https://assets.woolworths.com.au/images/1005/717631.jpg?impolicy=wowsmkqiema&w=260&h=260,$7.00,$1.40 / 100G,4.5,464, Add to cart , Save to list 
Essentials Pasta Spirals 500g,https://www.woolworths.com.au/shop/productdetails/188799/essentials-pasta-spirals,https://assets.woolworths.com.au/images/1005/188799.jpg?impolicy=wowsmkqiema&w=260&h=260,$0.90,$0.18 / 100G,4.1,956, Add to cart , Save to list 
Hoyts Thyme 15g,https://www.woolworths.com.au/shop/productdetails/94624/hoyts-thyme,https://assets.woolworths.com.au/images/1005/94624.jpg?impolicy=wowsmkqiema&w=260&h=260,$1.60,$1.07 / 10G,,, Add to cart , Save to list 
Arnott's Shapes Multipack Crackers Vegemite & Cheese 8 Pack,https://www.woolworths.com.au/shop/productdetails/812784/arnott-s-shapes-multipack-crackers-vegemite-cheese,https://assets.woolworths.com.au/images/1005/812784.jpg?impolicy=wowsmkqiema&w=260&h=260,$4.50,$2.25 / 100G,5.0,1, Add to cart , Save to list 
Heinz Big Red Condensed Tomato Soup 820g,https://www.woolworths.com.au/shop/productdetails/113847/heinz-big-red-condensed-tomato-soup-big-red-tomato,https://assets.woolworths.com.au/images/1005/113847.jpg?impolicy=wowsmkqiema&w=260&h=260,$3.90,$0.48 / 100G,,, Add to cart , Save to list 
Heinz Big N Chunky Beef & Vegetable Soup Veggie Ready Meals 535g,https://www.woolworths.com.au/shop/productdetails/167626/heinz-big-n-chunky-beef-vegetable-soup-veggie-ready-meals,https://assets.woolworths.com.au/images/1005/167626.jpg?impolicy=wowsmkqiema&w=260&h=260,$3.50,$0.65 / 100G,,, Add to cart , Save to list 
Heinz Spaghetti The Lil' One Multipack 130g X4 Pack,https://www.woolworths.com.au/shop/productdetails/188056/heinz-spaghetti-the-lil-one-multipack,https://assets.woolworths.com.au/images/1005/188056.jpg?impolicy=wowsmkqiema&w=260&h=260,$5.70,$1.10 / 100G,,, Add to cart , Save to list 
Old El Paso Stand 'n Stuff Soft Taco Kit 348g,https://www.woolworths.com.au/shop/productdetails/787266/old-el-paso-stand-n-stuff-soft-taco-kit,https://assets.woolworths.com.au/images/1005/787266.jpg?impolicy=wowsmkqiema&w=260&h=260,$6.00,$1.72 / 100G,,, Add to cart , Save to list 
Wattie's Spaghetti In Tomato Sauce 420g,https://www.woolworths.com.au/shop/productdetails/629207/wattie-s-spaghetti-in-tomato-sauce-in-tomato-sauce,https://assets.woolworths.com.au/images/1005/629207.jpg?impolicy=wowsmkqiema&w=260&h=260,$2.20,$0.52 / 100G,,, Add to cart , Save to list 
Twinings English Breakfast Tea Bags 10 Pack,https://www.woolworths.com.au/shop/productdetails/41946/twinings-english-breakfast-tea-bags-tea-bags,https://assets.woolworths.com.au/images/1005/41946.jpg?impolicy=wowsmkqiema&w=260&h=260,$2.00,$0.20 / 1EA,,, Add to cart , Save to list 
Heinz Ketchup Tomato Sauce 220ml,https://www.woolworths.com.au/shop/productdetails/844371/heinz-ketchup-tomato-sauce-tomato-ketchup,https://assets.woolworths.com.au/images/1005/844371.jpg?impolicy=wowsmkqiema&w=260&h=260,$2.20,$1.00 / 100ML,,, Add to cart , Save to list 
Saxa Picnic Pack Iodised Table Salt 125g,https://www.woolworths.com.au/shop/productdetails/63667/saxa-picnic-pack-iodised-table-salt,https://assets.woolworths.com.au/images/1005/63667.jpg?impolicy=wowsmkqiema&w=260&h=260,$2.50,$0.20 / 10G,,, Add to cart , Save to list 
Sanitarium Weet-bix Little Kids Essentials Breakfast Cereal 400g,https://www.woolworths.com.au/shop/productdetails/142976/sanitarium-weet-bix-little-kids-essentials-breakfast-cereal,https://assets.woolworths.com.au/images/1005/142976.jpg?impolicy=wowsmkqiema&w=260&h=260,$4.50,$1.13 / 100G,,, Add to cart , Save to list 
Sanitarium Weet-bix Bites Crunchy Honey Breakfast Cereal 510g,https://www.woolworths.com.au/shop/productdetails/319333/sanitarium-weet-bix-bites-crunchy-honey-breakfast-cereal,https://assets.woolworths.com.au/images/1005/319333.jpg?impolicy=wowsmkqiema&w=260&h=260,$3.00,$0.59 / 100G,,, Add to cart , Save to list 
Sunrice Microwave Fragrant Jasmine Rice Family 450g,https://www.woolworths.com.au/shop/productdetails/352039/sunrice-microwave-fragrant-jasmine-rice-family,https://assets.woolworths.com.au/images/1005/352039.jpg?impolicy=wowsmkqiema&w=260&h=260,$4.00,$0.89 / 100G,,, Add to cart , Save to list 
Ardmona Rich & Thick Diced Tomatoes With Paste Basil & Garlic 410g,https://www.woolworths.com.au/shop/productdetails/226836/ardmona-rich-thick-diced-tomatoes-with-paste-basil-garlic,https://assets.woolworths.com.au/images/1005/226836.jpg?impolicy=wowsmkqiema&w=260&h=260,$2.20,$5.37 / 1KG,,, Add to cart , Save to list 
Woolworths Basmati Rice Microwave Cup 2 X125g,https://www.woolworths.com.au/shop/productdetails/63665/woolworths-basmati-rice-microwave-cup,https://assets.woolworths.com.au/images/1005/63665.jpg?impolicy=wowsmkqiema&w=260&h=260,$2.20,$0.88 / 100G,4.1,608, Add to cart , Save to list 
Woolworths Chickpeas No Added Salt 420g,https://www.woolworths.com.au/shop/productdetails/259399/woolworths-chickpeas-no-added-salt,https://assets.woolworths.com.au/images/1005/259399.jpg?impolicy=wowsmkqiema&w=260&h=260,$1.00,$0.24 / 100G,4.4,605, Add to cart , Save to list 
Sandhurst Sauerkraut 500g,https://www.woolworths.com.au/shop/productdetails/733305/sandhurst-sauerkraut,https://assets.woolworths.com.au/images/1005/733305.jpg?impolicy=wowsmkqiema&w=260&h=260,$3.70,$7.40 / 1KG,,, Add to cart , Save to list 
Kan Tong Peanut Satay Stir Fry Cooking Sauce 505g,https://www.woolworths.com.au/shop/productdetails/758381/kan-tong-peanut-satay-stir-fry-cooking-sauce,https://assets.woolworths.com.au/images/1005/758381.jpg?impolicy=wowsmkqiema&w=260&h=260,$4.00,$0.79 / 100G,,, Add to cart , Save to list 
Woolworths Yellowfin Tuna In Springwater 185g,https://www.woolworths.com.au/shop/productdetails/941588/woolworths-yellowfin-tuna-in-springwater,https://assets.woolworths.com.au/images/1005/941588.jpg?impolicy=wowsmkqiema&w=260&h=260,$2.00,$10.81 / 1KG,,, Add to cart , Save to list 
Massel 7's Cubes Gluten Free Vegetable 35g,https://www.woolworths.com.au/shop/productdetails/505355/massel-7-s-cubes-gluten-free-vegetable,https://assets.woolworths.com.au/images/1005/505355.jpg?impolicy=wowsmkqiema&w=260&h=260,$1.00,$0.29 / 10G,,, Add to cart , Save to list 
Heinz Seriously Good Creamy Tartare Sauce 295ml,https://www.woolworths.com.au/shop/productdetails/710986/heinz-seriously-good-creamy-tartare-sauce,https://assets.woolworths.com.au/images/1005/710986.jpg?impolicy=wowsmkqiema&w=260&h=260,$5.50,$1.86 / 100ML,,, Add to cart , Save to list 
John West Tuna Tempters Mango Chilli 95g,https://www.woolworths.com.au/shop/productdetails/252264/john-west-tuna-tempters-mango-chilli,https://assets.woolworths.com.au/images/1005/252264.jpg?impolicy=wowsmkqiema&w=260&h=260,$2.70,$28.42 / 1KG,,, Add to cart , Save to list 
"Twinings Strawberry, Raspberry & Loganberry Tea Bags 10 Pack",https://www.woolworths.com.au/shop/productdetails/701255/twinings-strawberry-raspberry-loganberry-tea-bags,https://assets.woolworths.com.au/images/1005/701255.jpg?impolicy=wowsmkqiema&w=260&h=260,$2.00,$0.20 / 1EA,,, Add to cart , Save to list 
S&b Japanese Wasabi Tube Paste 43g,https://www.woolworths.com.au/shop/productdetails/54429/s-b-japanese-wasabi-tube-paste,https://assets.woolworths.com.au/images/1005/54429.jpg?impolicy=wowsmkqiema&w=260&h=260,$3.30,$7.67 / 100G,,, Add to cart , Save to list 
Twinings Lemon & Ginger Tea Bags 10 Pack 15g,https://www.woolworths.com.au/shop/productdetails/56290/twinings-lemon-ginger-tea-bags,https://assets.woolworths.com.au/images/1005/56290.jpg?impolicy=wowsmkqiema&w=260&h=260,$2.00,$0.20 / 1EA,,, Add to cart , Save to list 
John West Tempters Tuna Mild Indian Curry 95g,https://www.woolworths.com.au/shop/productdetails/135984/john-west-tempters-tuna-mild-indian-curry,https://assets.woolworths.com.au/images/1005/135984.jpg?impolicy=wowsmkqiema&w=260&h=260,$2.70,$28.42 / 1KG,,, Add to cart , Save to list 
Spring Gully Worcestershire Sauce 250ml,https://www.woolworths.com.au/shop/productdetails/66161/spring-gully-worcestershire-sauce,https://assets.woolworths.com.au/images/1005/66161.jpg?impolicy=wowsmkqiema&w=260&h=260,$3.40,$1.36 / 100ML,,, Add to cart , Save to list 
Twinings English Breakfast Extra Strong Tea Bags 80 Pack,https://www.woolworths.com.au/shop/productdetails/829281/twinings-english-breakfast-extra-strong-tea-bags,https://assets.woolworths.com.au/images/1005/829281.jpg?impolicy=wowsmkqiema&w=260&h=260,$6.75,$0.08 / 1EA,,, Add to cart , Save to list 
Tetley Extra Strong Tea Bags 100 Pack,https://www.woolworths.com.au/shop/productdetails/574823/tetley-extra-strong-tea-bags,https://assets.woolworths.com.au/images/1005/574823.jpg?impolicy=wowsmkqiema&w=260&h=260,$3.60,$0.04 / 1EA,,, Add to cart , Save to list 
Sunrice Koshihikari Sushi Rice 750g,https://www.woolworths.com.au/shop/productdetails/861530/sunrice-koshihikari-sushi-rice,https://assets.woolworths.com.au/images/1005/861530.jpg?impolicy=wowsmkqiema&w=260&h=260,$4.00,$0.53 / 100G,,, Add to cart , Save to list 
Heinz Classic Italian Minestrone Soup 535g,https://www.woolworths.com.au/shop/productdetails/113792/heinz-classic-italian-minestrone-soup,https://assets.woolworths.com.au/images/1005/113792.jpg?impolicy=wowsmkqiema&w=260&h=260,$3.50,$0.65 / 100G,,, Add to cart , Save to list 
Sunrice Microwave Indian Aromatic Basmati Rice 450g,https://www.woolworths.com.au/shop/productdetails/311469/sunrice-microwave-indian-aromatic-basmati-rice,https://assets.woolworths.com.au/images/1005/311469.jpg?impolicy=wowsmkqiema&w=260&h=260,$4.00,$0.89 / 100G,,, Add to cart , Save to list 
Woolworths Free From Lactose Full Cream Milk 1l,https://www.woolworths.com.au/shop/productdetails/799811/woolworths-free-from-lactose-full-cream-milk,https://assets.woolworths.com.au/images/1005/799811.jpg?impolicy=wowsmkqiema&w=260&h=260,$2.00,$2.00 / 1L,4.4,558, Add to cart , Save to list 
Cottee's Strawberry Jam 500g,https://www.woolworths.com.au/shop/productdetails/33565/cottees-strawberry-jam,https://assets.woolworths.com.au/images/1005/33565.jpg?impolicy=wowsmkqiema&w=260&h=260,$3.00,$0.60 / 100G,,, Add to cart , Save to list 
Sirena Italian Style Salad With Tuna 170g,https://www.woolworths.com.au/shop/productdetails/802544/sirena-italian-style-salad-with-tuna,https://assets.woolworths.com.au/images/1005/802544.jpg?impolicy=wowsmkqiema&w=260&h=260,$3.30,$19.41 / 1KG,,, Add to cart , Save to list 
Twinings Pure Peppermint Tea Bags 10 Pack,https://www.woolworths.com.au/shop/productdetails/58970/twinings-pure-peppermint-tea-bags-tea-bags,https://assets.woolworths.com.au/images/1005/58970.jpg?impolicy=wowsmkqiema&w=260&h=260,$2.00,$0.20 / 1EA,,, Add to cart , Save to list 
Twinings Camomile Honey & Vanilla Tea Bags 10 Pack 15g,https://www.woolworths.com.au/shop/productdetails/701332/twinings-camomile-honey-vanilla-tea-bags,https://assets.woolworths.com.au/images/1005/701332.jpg?impolicy=wowsmkqiema&w=260&h=260,$2.00,$0.20 / 1EA,,, Add to cart , Save to list 
Dolmio Traditional Recipe Tomato & Basil Pasta Sauce 500g,https://www.woolworths.com.au/shop/productdetails/758377/dolmio-traditional-recipe-tomato-basil-pasta-sauce,https://assets.woolworths.com.au/images/1005/758377.jpg?impolicy=wowsmkqiema&w=260&h=260,$2.50,$0.50 / 100G,,, Add to cart , Save to list 
Woolworths Yellowfin Tuna In Oil 185g,https://www.woolworths.com.au/shop/productdetails/941590/woolworths-yellowfin-tuna-in-oil,https://assets.woolworths.com.au/images/1005/941590.jpg?impolicy=wowsmkqiema&w=260&h=260,$2.00,$10.81 / 1KG,,, Add to cart , Save to list 
Macro Organic Wholemeal Spaghetti 500g,https://www.woolworths.com.au/shop/productdetails/68343/macro-organic-wholemeal-spaghetti,https://assets.woolworths.com.au/images/1005/68343.jpg?impolicy=wowsmkqiema&w=260&h=260,$2.00,$0.40 / 100G,4.1,539, Add to cart , Save to list 
Continental Simmer Soup Spring Vegetable 30g,https://www.woolworths.com.au/shop/productdetails/34046/continental-simmer-soup-spring-vegetable,https://assets.woolworths.com.au/images/1005/34046.jpg?impolicy=wowsmkqiema&w=260&h=260,$1.70,$5.67 / 100G,,, Add to cart , Save to list 
Vegemite Gluten Free Spread 235g,https://www.woolworths.com.au/shop/productdetails/840274/vegemite-gluten-free-spread,https://assets.woolworths.com.au/images/1005/840274.jpg?impolicy=wowsmkqiema&w=260&h=260,$5.20,$2.21 / 100G,,, Add to cart , Save to list 
Gravox White Sauce Mix 29g,https://www.woolworths.com.au/shop/productdetails/757526/gravox-white-sauce-mix-white-sauce-smooth-creamy,https://assets.woolworths.com.au/images/1005/757526.jpg?impolicy=wowsmkqiema&w=260&h=260,$1.50,$0.52 / 10G,,, Add to cart , Save to list 
Mission White Corn Gluten-free Tortillas 12 Pack,https://www.woolworths.com.au/shop/productdetails/379736/mission-white-corn-gluten-free-tortillas,https://assets.woolworths.com.au/images/1005/379736.jpg?impolicy=wowsmkqiema&w=260&h=260,$4.20,$1.35 / 100G,,, Add to cart , Save to list 
Greenseas Tuna Chunks In Springwater 425g,https://www.woolworths.com.au/shop/productdetails/29372/greenseas-tuna-chunks-in-springwater-in-spring-water,https://assets.woolworths.com.au/images/1005/29372.jpg?impolicy=wowsmkqiema&w=260&h=260,$4.50,$10.59 / 1KG,,, Add to cart , Save to list 
John West Sardines In Tomato Sauce 110g,https://www.woolworths.com.au/shop/productdetails/34980/john-west-sardines-in-tomato-sauce,https://assets.woolworths.com.au/images/1005/34980.jpg?impolicy=wowsmkqiema&w=260&h=260,$3.00,$27.27 / 1KG,,, Add to cart , Save to list 
Mr Chen's Teriyaki Sauce 250ml,https://www.woolworths.com.au/shop/productdetails/123484/mr-chen-s-teriyaki-sauce,https://assets.woolworths.com.au/images/1005/123484.jpg?impolicy=wowsmkqiema&w=260&h=260,$2.25,$0.90 / 100ML,,, Add to cart , Save to list 
Continental Cup A Soup Creamy Chicken With Lots Of Noodles 2 Pack,https://www.woolworths.com.au/shop/productdetails/26649/continental-cup-a-soup-creamy-chicken-with-lots-of-noodles,https://assets.woolworths.com.au/images/1005/26649.jpg?impolicy=wowsmkqiema&w=260&h=260,$2.80,$4.67 / 100G,,, Add to cart , Save to list 
"Heinz Big N Chunky Bacon, Steak, Potato Soup 535g",https://www.woolworths.com.au/shop/productdetails/224190/heinz-big-n-chunky-bacon-steak-potato-soup,https://assets.woolworths.com.au/images/1005/224190.jpg?impolicy=wowsmkqiema&w=260&h=260,$3.50,$0.65 / 100G,,, Add to cart , Save to list 
Whole Earth Stevia Sugar Replacement Super Valuepack 350g,https://www.woolworths.com.au/shop/productdetails/163996/whole-earth-stevia-sugar-replacement-super-valuepack,https://assets.woolworths.com.au/images/1005/163996.jpg?impolicy=wowsmkqiema&w=260&h=260,$6.90,$1.97 / 100G,,, Add to cart , Save to list 
Spc Diced Tomatoes 400g,https://www.woolworths.com.au/shop/productdetails/322960/spc-diced-tomatoes,https://assets.woolworths.com.au/images/1005/322960.jpg?impolicy=wowsmkqiema&w=260&h=260,$1.50,$3.75 / 1KG,5.0,1, Add to cart , Save to list 
Vitasoy Oat Milk 1l,https://www.woolworths.com.au/shop/productdetails/310675/vitasoy-oat-milk,https://assets.woolworths.com.au/images/1005/310675.jpg?impolicy=wowsmkqiema&w=260&h=260,$3.30,$3.30 / 1L,,, Add to cart , Save to list 
Spc Canned Tomatoes Crushed 400g,https://www.woolworths.com.au/shop/productdetails/218877/spc-canned-tomatoes-crushed,https://assets.woolworths.com.au/images/1005/218877.jpg?impolicy=wowsmkqiema&w=260&h=260,$1.50,$3.75 / 1KG,,, Add to cart , Save to list 
Essentials Chunky Pasta Sauce 700g,https://www.woolworths.com.au/shop/productdetails/326/essentials-chunky-pasta-sauce,https://assets.woolworths.com.au/images/1005/326.jpg?impolicy=wowsmkqiema&w=260&h=260,$2.50,$0.36 / 100G,4.4,398, Add to cart , Save to list 
John West Salmon Tempters Lemon & Cracked Pepper 95g,https://www.woolworths.com.au/shop/productdetails/72472/john-west-salmon-tempters-lemon-cracked-pepper,https://assets.woolworths.com.au/images/1005/72472.jpg?impolicy=wowsmkqiema&w=260&h=260,$2.90,$30.53 / 1KG,,, Add to cart , Save to list 
Mutti Polpa Chopped Tomatoes Organic 400g,https://www.woolworths.com.au/shop/productdetails/134338/mutti-polpa-chopped-tomatoes-organic,https://assets.woolworths.com.au/images/1005/134338.jpg?impolicy=wowsmkqiema&w=260&h=260,$2.40,$6.00 / 1KG,,, Add to cart , Save to list 
Huy Fong Sriracha Hot Chilli Sauce 266ml,https://www.woolworths.com.au/shop/productdetails/655419/huy-fong-sriracha-hot-chilli-sauce,https://assets.woolworths.com.au/images/1005/655419.jpg?impolicy=wowsmkqiema&w=260&h=260,$5.50,$2.07 / 100ML,,, Add to cart , Save to list 
Essentials Coconut Milk 400ml,https://www.woolworths.com.au/shop/productdetails/694751/essentials-coconut-milk,https://assets.woolworths.com.au/images/1005/694751.jpg?impolicy=wowsmkqiema&w=260&h=260,$0.95,$0.24 / 100ML,4.3,349, Add to cart , Save to list 
Massel Ultra Ultracubes Vegetable 105g,https://www.woolworths.com.au/shop/productdetails/21358/massel-ultra-ultracubes-vegetable,https://assets.woolworths.com.au/images/1005/21358.jpg?impolicy=wowsmkqiema&w=260&h=260,$3.40,$0.32 / 10G,,, Add to cart , Save to list 
Sirena Tuna Slices In Oil Italian Style 125g,https://www.woolworths.com.au/shop/productdetails/257375/sirena-tuna-slices-in-oil-italian-style,https://assets.woolworths.com.au/images/1005/257375.jpg?impolicy=wowsmkqiema&w=260&h=260,$3.50,$28.00 / 1KG,,, Add to cart , Save to list 
Uncle Tobys Vita Weeties Breakfast Cereal Weeties 700g,https://www.woolworths.com.au/shop/productdetails/230220/uncle-tobys-vita-weeties-breakfast-cereal-weeties,https://assets.woolworths.com.au/images/1005/230220.jpg?impolicy=wowsmkqiema&w=260&h=260,$7.00,$1.00 / 100G,,, Add to cart , Save to list 
Queen Organic Vanilla Essence 50ml,https://www.woolworths.com.au/shop/productdetails/37419/queen-organic-vanilla-essence,https://assets.woolworths.com.au/images/1005/37419.jpg?impolicy=wowsmkqiema&w=260&h=260,$4.00,$0.80 / 10ML,,, Add to cart , Save to list 
Wai Wai Rice Vermicelli 200g,https://www.woolworths.com.au/shop/productdetails/53333/wai-wai-rice-vermicelli,https://assets.woolworths.com.au/images/1005/53333.jpg?impolicy=wowsmkqiema&w=260&h=260,$2.30,$1.15 / 100G,,, Add to cart , Save to list 
Woolworths Salsa Chunky Mild 375g,https://www.woolworths.com.au/shop/productdetails/780922/woolworths-salsa-chunky-mild,https://assets.woolworths.com.au/images/1005/780922.jpg?impolicy=wowsmkqiema&w=260&h=260,$3.50,$0.93 / 100G,4.1,480, Add to cart , Save to list 
Csr Caster Sugar 1kg,https://www.woolworths.com.au/shop/productdetails/38022/csr-caster-sugar,https://assets.woolworths.com.au/images/1005/38022.jpg?impolicy=wowsmkqiema&w=260&h=260,$2.70,$0.27 / 100G,,, Add to cart , Save to list 
John West Salmon Tempters Naturally Smoked 95g,https://www.woolworths.com.au/shop/productdetails/72540/john-west-salmon-tempters-naturally-smoked,https://assets.woolworths.com.au/images/1005/72540.jpg?impolicy=wowsmkqiema&w=260&h=260,$2.90,$30.53 / 1KG,,, Add to cart , Save to list 
Hakubaku Organic Japanese Soba Buckwheat Noodles 98% Ff 270g,https://www.woolworths.com.au/shop/productdetails/210714/hakubaku-organic-japanese-soba-buckwheat-noodles-98-ff,https://assets.woolworths.com.au/images/1005/210714.jpg?impolicy=wowsmkqiema&w=260&h=260,$2.80,$1.04 / 100G,,, Add to cart , Save to list 
Macro Organic Raw Sugar Organic 1kg,https://www.woolworths.com.au/shop/productdetails/215466/macro-organic-raw-sugar-organic,https://assets.woolworths.com.au/images/1005/215466.jpg?impolicy=wowsmkqiema&w=260&h=260,$2.55,$0.26 / 100G,4.1,538, Add to cart , Save to list 
Masterfoods Marinade Satay 375g,https://www.woolworths.com.au/shop/productdetails/51632/masterfoods-marinade-satay,https://assets.woolworths.com.au/images/1005/51632.jpg?impolicy=wowsmkqiema&w=260&h=260,$4.50,$1.20 / 100G,,, Add to cart , Save to list 
Raguletto Napolitano - Tomato & Garlic Bolognese Pasta Sauce 500g,https://www.woolworths.com.au/shop/productdetails/4533/raguletto-napolitano-tomato-garlic-bolognese-pasta-sauce,https://assets.woolworths.com.au/images/1005/4533.jpg?impolicy=wowsmkqiema&w=260&h=260,$2.10,$0.42 / 100G,,, Add to cart , Save to list 
Campbell's Condensed Soup Split Pea & Ham 420g,https://www.woolworths.com.au/shop/productdetails/36447/campbell-s-condensed-soup-split-pea-ham,https://assets.woolworths.com.au/images/1005/36447.jpg?impolicy=wowsmkqiema&w=260&h=260,$2.00,$0.48 / 100G,,, Add to cart , Save to list 
Sunbeam Sultanas & Apple 6 Pack,https://www.woolworths.com.au/shop/productdetails/177190/sunbeam-sultanas-apple,https://assets.woolworths.com.au/images/1005/177190.jpg?impolicy=wowsmkqiema&w=260&h=260,$4.00,$26.67 / 1KG,,, Add to cart , Save to list 
Pauls Zymil Skim Uht Milk 1l,https://www.woolworths.com.au/shop/productdetails/113025/pauls-zymil-skim-uht-milk,https://assets.woolworths.com.au/images/1005/113025.jpg?impolicy=wowsmkqiema&w=260&h=260,$3.00,$3.00 / 1L,,, Add to cart , Save to list 
John West Calcium Rich Tuna Olive Oil Blend 90g,https://www.woolworths.com.au/shop/productdetails/157954/john-west-calcium-rich-tuna-olive-oil-blend,https://assets.woolworths.com.au/images/1005/157954.jpg?impolicy=wowsmkqiema&w=260&h=260,$1.75,$19.44 / 1KG,,, Add to cart , Save to list 
Taylor's Simmer Sauce Peanut Satay 525g,https://www.woolworths.com.au/shop/productdetails/26995/taylor-s-simmer-sauce-peanut-satay,https://assets.woolworths.com.au/images/1005/26995.jpg?impolicy=wowsmkqiema&w=260&h=260,$4.80,$0.91 / 100G,,, Add to cart , Save to list 
Ayam Teriyaki Sauce 210ml,https://www.woolworths.com.au/shop/productdetails/11062/ayam-teriyaki-sauce,https://assets.woolworths.com.au/images/1005/11062.jpg?impolicy=wowsmkqiema&w=260&h=260,$4.00,$1.90 / 100ML,,, Add to cart , Save to list 
Tilda Microwave Steamed Pure Basmati Rice 250g,https://www.woolworths.com.au/shop/productdetails/272188/tilda-microwave-steamed-pure-basmati-rice,https://assets.woolworths.com.au/images/1005/272188.jpg?impolicy=wowsmkqiema&w=260&h=260,$3.50,$1.40 / 100G,,, Add to cart , Save to list 
Saxa Natural Sea Salt Grinder 90g,https://www.woolworths.com.au/shop/productdetails/142081/saxa-natural-sea-salt-grinder-salt-grinder,https://assets.woolworths.com.au/images/1005/142081.jpg?impolicy=wowsmkqiema&w=260&h=260,$5.50,$0.61 / 10G,,, Add to cart , Save to list 
Sirena Tuna La Vita Lite Chilli 95g,https://www.woolworths.com.au/shop/productdetails/319493/sirena-tuna-la-vita-lite-chilli,https://assets.woolworths.com.au/images/1005/319493.jpg?impolicy=wowsmkqiema&w=260&h=260,$2.95,$31.05 / 1KG,,, Add to cart , Save to list 
Tabasco Chilli Sauce Red Pepper 150ml,https://www.woolworths.com.au/shop/productdetails/53367/tabasco-chilli-sauce-red-pepper,https://assets.woolworths.com.au/images/1005/53367.jpg?impolicy=wowsmkqiema&w=260&h=260,$8.00,$5.33 / 100ML,,, Add to cart , Save to list 
Queen Natural Vanilla Extract 150ml,https://www.woolworths.com.au/shop/productdetails/143014/queen-natural-vanilla-extract,https://assets.woolworths.com.au/images/1005/143014.jpg?impolicy=wowsmkqiema&w=260&h=260,$10.00,$6.67 / 100ML,,, Add to cart , Save to list 
Csr Brown Sugar 1kg,https://www.woolworths.com.au/shop/productdetails/37679/csr-brown-sugar,https://assets.woolworths.com.au/images/1005/37679.jpg?impolicy=wowsmkqiema&w=260&h=260,$3.80,$0.38 / 100G,,, Add to cart , Save to list 
Sunrice Microwave Jasmine Rice In 90 Seconds 250g,https://www.woolworths.com.au/shop/productdetails/244754/sunrice-microwave-jasmine-rice-in-90-seconds,https://assets.woolworths.com.au/images/1005/244754.jpg?impolicy=wowsmkqiema&w=260&h=260,$3.00,$1.20 / 100G,,, Add to cart , Save to list 
Mr Chen's Soy Sauce 250ml,https://www.woolworths.com.au/shop/productdetails/123365/mr-chen-s-soy-sauce,https://assets.woolworths.com.au/images/1005/123365.jpg?impolicy=wowsmkqiema&w=260&h=260,$2.25,$0.90 / 100ML,,, Add to cart , Save to list 
Sirena Tuna Soy & Ginger 95g,https://www.woolworths.com.au/shop/productdetails/170152/sirena-tuna-soy-ginger,https://assets.woolworths.com.au/images/1005/170152.jpg?impolicy=wowsmkqiema&w=260&h=260,$2.95,$31.05 / 1KG,,, Add to cart , Save to list 
Ben's Original Brown Red Wild Rice Medley Microwave Pouch 250g,https://www.woolworths.com.au/shop/productdetails/792456/ben-s-original-brown-red-wild-rice-medley-microwave-pouch,https://assets.woolworths.com.au/images/1005/792456.jpg?impolicy=wowsmkqiema&w=260&h=260,$3.00,$1.20 / 100G,,, Add to cart , Save to list 
Sunrice Microwave Long Grain White Rice Family 450g,https://www.woolworths.com.au/shop/productdetails/311466/sunrice-microwave-long-grain-white-rice-family,https://assets.woolworths.com.au/images/1005/311466.jpg?impolicy=wowsmkqiema&w=260&h=260,$4.00,$0.89 / 100G,,, Add to cart , Save to list 
John West Sardines In Spring Water 110g,https://www.woolworths.com.au/shop/productdetails/98523/john-west-sardines-in-spring-water,https://assets.woolworths.com.au/images/1005/98523.jpg?impolicy=wowsmkqiema&w=260&h=260,$3.00,$27.27 / 1KG,,, Add to cart , Save to list 
Saxa Natural Pink Himalayan Rock Salt 500g,https://www.woolworths.com.au/shop/productdetails/445775/saxa-natural-pink-himalayan-rock-salt,https://assets.woolworths.com.au/images/1005/445775.jpg?impolicy=wowsmkqiema&w=260&h=260,$5.00,$0.10 / 10G,,, Add to cart , Save to list 
Trident Instant Soup Thai Tom Yum Goong With Noodle 50g,https://www.woolworths.com.au/shop/productdetails/91922/trident-instant-soup-thai-tom-yum-goong-with-noodle,https://assets.woolworths.com.au/images/1005/91922.jpg?impolicy=wowsmkqiema&w=260&h=260,$1.10,$2.20 / 100G,,, Add to cart , Save to list 
Vitasoy Soy Milky Lite 1l,https://www.woolworths.com.au/shop/productdetails/212841/vitasoy-soy-milky-lite,https://assets.woolworths.com.au/images/1005/212841.jpg?impolicy=wowsmkqiema&w=260&h=260,$2.50,$2.50 / 1L,,, Add to cart , Save to list 
Wai Wai Bihoon Rice Vermicelli 10x50g,https://www.woolworths.com.au/shop/productdetails/745435/wai-wai-bihoon-rice-vermicelli,https://assets.woolworths.com.au/images/1005/745435.jpg?impolicy=wowsmkqiema&w=260&h=260,$4.10,$0.82 / 100G,5.0,1, Add to cart , Save to list 
Dolmio Extra Bolognese Tomato Pasta Sauce 500g,https://www.woolworths.com.au/shop/productdetails/758286/dolmio-extra-bolognese-tomato-pasta-sauce,https://assets.woolworths.com.au/images/1005/758286.jpg?impolicy=wowsmkqiema&w=260&h=260,$3.10,$0.62 / 100G,,, Add to cart , Save to list 
Old El Paso Mexican Wholegrain Tortillas 6 Pack,https://www.woolworths.com.au/shop/productdetails/297890/old-el-paso-mexican-wholegrain-tortillas,https://assets.woolworths.com.au/images/1005/297890.jpg?impolicy=wowsmkqiema&w=260&h=260,$3.60,$1.50 / 100G,,, Add to cart , Save to list 
John West Fiery Jalapeno Tuna 95g,https://www.woolworths.com.au/shop/productdetails/429224/john-west-fiery-jalapeno-tuna,https://assets.woolworths.com.au/images/1005/429224.jpg?impolicy=wowsmkqiema&w=260&h=260,$2.70,$28.42 / 1KG,,, Add to cart , Save to list 
Csr Raw Sugar 500g,https://www.woolworths.com.au/shop/productdetails/68468/csr-raw-sugar,https://assets.woolworths.com.au/images/1005/68468.jpg?impolicy=wowsmkqiema&w=260&h=260,$1.70,$0.34 / 100G,5.0,1, Add to cart , Save to list 
Heinz Ketchup Tomato Sauce 50% Less Added Sugar & Salt 500ml,https://www.woolworths.com.au/shop/productdetails/607577/heinz-ketchup-tomato-sauce-50-less-added-sugar-salt,https://assets.woolworths.com.au/images/1005/607577.jpg?impolicy=wowsmkqiema&w=260&h=260,$4.50,$0.90 / 100ML,,, Add to cart , Save to list 
Woolworths Sweetener Tablets 300 Pack,https://www.woolworths.com.au/shop/productdetails/365936/woolworths-sweetener-tablets,https://assets.woolworths.com.au/images/1005/365936.jpg?impolicy=wowsmkqiema&w=260&h=260,$3.00,$1.00 / 100EA,3.8,82, Add to cart , Save to list 
Val Verde Passata Sauce 700g,https://www.woolworths.com.au/shop/productdetails/38963/val-verde-passata-sauce,https://assets.woolworths.com.au/images/1005/38963.jpg?impolicy=wowsmkqiema&w=260&h=260,$2.80,$0.40 / 100G,,, Add to cart , Save to list 
Woolworths Tortilla Jumbo 6 Pack,https://www.woolworths.com.au/shop/productdetails/780549/woolworths-tortilla-jumbo,https://assets.woolworths.com.au/images/1005/780549.jpg?impolicy=wowsmkqiema&w=260&h=260,$4.50,$1.00 / 100G,4.5,617, Add to cart , Save to list 
Essentials Brown Sugar 1kg,https://www.woolworths.com.au/shop/productdetails/720342/essentials-brown-sugar,https://assets.woolworths.com.au/images/1005/720342.jpg?impolicy=wowsmkqiema&w=260&h=260,$3.40,$0.34 / 100G,4.8,593, Add to cart , Save to list 
Masterfoods Seasoning Sprinkle Roast Vegetable 38g,https://www.woolworths.com.au/shop/productdetails/209978/masterfoods-seasoning-sprinkle-roast-vegetable,https://assets.woolworths.com.au/images/1005/209978.jpg?impolicy=wowsmkqiema&w=260&h=260,$4.20,$1.11 / 10G,5.0,1, Add to cart , Save to list 
Woolworths Pasta Penne Rigate 500g,https://www.woolworths.com.au/shop/productdetails/346831/woolworths-pasta-penne-rigate,https://assets.woolworths.com.au/images/1005/346831.jpg?impolicy=wowsmkqiema&w=260&h=260,$1.00,$0.20 / 100G,4.5,304, Add to cart , Save to list 
Heinz Big N Chunky Beef Stockpot Soup 535g,https://www.woolworths.com.au/shop/productdetails/224203/heinz-big-n-chunky-beef-stockpot-soup,https://assets.woolworths.com.au/images/1005/224203.jpg?impolicy=wowsmkqiema&w=260&h=260,$3.50,$0.65 / 100G,,, Add to cart , Save to list 
Sustagen Vanilla Ready To Drink 3x250ml,https://www.woolworths.com.au/shop/productdetails/768721/sustagen-vanilla-ready-to-drink,https://assets.woolworths.com.au/images/1005/768721.jpg?impolicy=wowsmkqiema&w=260&h=260,$6.20,$8.27 / 1L,,, Add to cart , Save to list 
Bonsoy Long Life Soy Milk 1l,https://www.woolworths.com.au/shop/productdetails/56731/bonsoy-long-life-soy-milk,https://assets.woolworths.com.au/images/1005/56731.jpg?impolicy=wowsmkqiema&w=260&h=260,$4.80,$4.80 / 1L,,, Add to cart , Save to list 
Vitasoy Soy Milky Regular 1l,https://www.woolworths.com.au/shop/productdetails/212840/vitasoy-soy-milky-regular,https://assets.woolworths.com.au/images/1005/212840.jpg?impolicy=wowsmkqiema&w=260&h=260,$2.50,$2.50 / 1L,,, Add to cart , Save to list 
La Molisana Pastifico Extra Di Lusso Spaghetti 500g,https://www.woolworths.com.au/shop/productdetails/74613/la-molisana-pastifico-extra-di-lusso-spaghetti,https://assets.woolworths.com.au/images/1005/74613.jpg?impolicy=wowsmkqiema&w=260&h=260,$4.00,$0.80 / 100G,4.5,434, Add to cart , Save to list 
Riviana Basmati Rice Pakistan Long Grain 5kg,https://www.woolworths.com.au/shop/productdetails/16119/riviana-basmati-rice-pakistan-long-grain,https://assets.woolworths.com.au/images/1005/16119.jpg?impolicy=wowsmkqiema&w=260&h=260,$11.50,$0.23 / 100G,,, Add to cart , Save to list 
Woolworths Yellowfin Tuna In Oil 95g,https://www.woolworths.com.au/shop/productdetails/941584/woolworths-yellowfin-tuna-in-oil,https://assets.woolworths.com.au/images/1005/941584.jpg?impolicy=wowsmkqiema&w=260&h=260,$1.30,$13.68 / 1KG,,, Add to cart , Save to list 
Dolmio Extra Tomato Onion & Roast Garlic Pasta Sauce 500g,https://www.woolworths.com.au/shop/productdetails/758342/dolmio-extra-tomato-onion-roast-garlic-pasta-sauce,https://assets.woolworths.com.au/images/1005/758342.jpg?impolicy=wowsmkqiema&w=260&h=260,$3.10,$0.62 / 100G,,, Add to cart , Save to list 
Lee Kum Kee Gluten Free Soy Sauce Soy Sauce 250ml,https://www.woolworths.com.au/shop/productdetails/862908/lee-kum-kee-gluten-free-soy-sauce-soy-sauce,https://assets.woolworths.com.au/images/1005/862908.jpg?impolicy=wowsmkqiema&w=260&h=260,$3.00,$1.20 / 100ML,,, Add to cart , Save to list 
Woolworths Lentils No Added Salt 420g,https://www.woolworths.com.au/shop/productdetails/259400/woolworths-lentils-no-added-salt,https://assets.woolworths.com.au/images/1005/259400.jpg?impolicy=wowsmkqiema&w=260&h=260,$1.00,$0.24 / 100G,4.3,446, Add to cart , Save to list 
John West Tuna Slices In Olive Oil 125g,https://www.woolworths.com.au/shop/productdetails/98518/john-west-tuna-slices-in-olive-oil,https://assets.woolworths.com.au/images/1005/98518.jpg?impolicy=wowsmkqiema&w=260&h=260,$3.80,$30.40 / 1KG,,, Add to cart , Save to list 
Old El Paso Mexican Burrito Tortillas Jumbo 6 Pack,https://www.woolworths.com.au/shop/productdetails/233280/old-el-paso-mexican-burrito-tortillas-jumbo,https://assets.woolworths.com.au/images/1005/233280.jpg?impolicy=wowsmkqiema&w=260&h=260,$6.00,$1.33 / 100G,,, Add to cart , Save to list 
Sirena Tuna In Garlic 95g,https://www.woolworths.com.au/shop/productdetails/64169/sirena-tuna-in-garlic,https://assets.woolworths.com.au/images/1005/64169.jpg?impolicy=wowsmkqiema&w=260&h=260,$2.95,$31.05 / 1KG,,, Add to cart , Save to list 
Mckenzie's Natural Salt Sea 400g,https://www.woolworths.com.au/shop/productdetails/320992/mckenzie-s-natural-salt-sea,https://assets.woolworths.com.au/images/1005/320992.jpg?impolicy=wowsmkqiema&w=260&h=260,$5.95,$0.15 / 10G,,, Add to cart , Save to list 
Maldon Sea Salt Flakes 240g,https://www.woolworths.com.au/shop/productdetails/77000/maldon-sea-salt-flakes,https://assets.woolworths.com.au/images/1005/77000.jpg?impolicy=wowsmkqiema&w=260&h=260,$10.00,$4.17 / 100G,,, Add to cart , Save to list 
Rosella Tomato Sauce Glass 580ml,https://www.woolworths.com.au/shop/productdetails/61679/rosella-tomato-sauce-glass,https://assets.woolworths.com.au/images/1005/61679.jpg?impolicy=wowsmkqiema&w=260&h=260,$3.50,$0.60 / 100ML,,, Add to cart , Save to list 
Sirena Sicilian Style Pasta With Tuna 170g,https://www.woolworths.com.au/shop/productdetails/801493/sirena-sicilian-style-pasta-with-tuna,https://assets.woolworths.com.au/images/1005/801493.jpg?impolicy=wowsmkqiema&w=260&h=260,$3.30,$19.41 / 1KG,,, Add to cart , Save to list 
Masterfoods Rosemary Leaves 16g,https://www.woolworths.com.au/shop/productdetails/35959/masterfoods-rosemary-leaves,https://assets.woolworths.com.au/images/1005/35959.jpg?impolicy=wowsmkqiema&w=260&h=260,$1.95,$1.22 / 10G,,, Add to cart , Save to list 
Nestle Sustagen Dutch Chocolate Ready To Drink 3x250ml,https://www.woolworths.com.au/shop/productdetails/211476/nestle-sustagen-dutch-chocolate-ready-to-drink,https://assets.woolworths.com.au/images/1005/211476.jpg?impolicy=wowsmkqiema&w=260&h=260,$6.20,$8.27 / 1L,,, Add to cart , Save to list 
Sunbeam Australian Natural Sultanas 450g,https://www.woolworths.com.au/shop/productdetails/259168/sunbeam-australian-natural-sultanas-sultanas,https://assets.woolworths.com.au/images/1005/259168.jpg?impolicy=wowsmkqiema&w=260&h=260,$5.50,$12.22 / 1KG,,, Add to cart , Save to list 
Raguletto Pasta Sauce Red Wine Garlic 500g,https://www.woolworths.com.au/shop/productdetails/15479/raguletto-pasta-sauce-red-wine-garlic,https://assets.woolworths.com.au/images/1005/15479.jpg?impolicy=wowsmkqiema&w=260&h=260,,,,,, Save to list 
Starbucks By Nespresso Caffe Verona Coffee Pods 10 Pack,https://www.woolworths.com.au/shop/productdetails/59693/starbucks-by-nespresso-caffe-verona-coffee-pods,https://assets.woolworths.com.au/images/1005/59693.jpg?impolicy=wowsmkqiema&w=260&h=260,$7.90,$0.79 / 1EA,,, Add to cart , Save to list 
Continental Cup A Soup Classic Tomato 80g,https://www.woolworths.com.au/shop/productdetails/186167/continental-cup-a-soup-classic-tomato,https://assets.woolworths.com.au/images/1005/186167.jpg?impolicy=wowsmkqiema&w=260&h=260,$3.00,$3.75 / 100G,,, Add to cart , Save to list 
John West Salmon Tempters Onion & Tomato 95g,https://www.woolworths.com.au/shop/productdetails/211290/john-west-salmon-tempters-onion-tomato,https://assets.woolworths.com.au/images/1005/211290.jpg?impolicy=wowsmkqiema&w=260&h=260,$2.90,$30.53 / 1KG,,, Add to cart , Save to list 
Maggi Beef Stroganoff Recipe Base 47g,https://www.woolworths.com.au/shop/productdetails/446453/maggi-beef-stroganoff-recipe-base,https://assets.woolworths.com.au/images/1005/446453.jpg?impolicy=wowsmkqiema&w=260&h=260,$1.75,$4.27 / 100G,,, Add to cart , Save to list 
Woolworths Large Pasta Shells 500g,https://www.woolworths.com.au/shop/productdetails/745386/woolworths-large-pasta-shells,https://assets.woolworths.com.au/images/1005/745386.jpg?impolicy=wowsmkqiema&w=260&h=260,$1.00,$0.20 / 100G,,, Add to cart , Save to list 
Mutti Whole Peeled Tomatoes 400g,https://www.woolworths.com.au/shop/productdetails/795621/mutti-whole-peeled-tomatoes,https://assets.woolworths.com.au/images/1005/795621.jpg?impolicy=wowsmkqiema&w=260&h=260,$2.00,$5.00 / 1KG,,, Add to cart , Save to list 
Safcol Responsibly Fished Tuna In Oil Italian Style 425g,https://www.woolworths.com.au/shop/productdetails/708309/safcol-responsibly-fished-tuna-in-oil-italian-style,https://assets.woolworths.com.au/images/1005/708309.jpg?impolicy=wowsmkqiema&w=260&h=260,$4.65,$10.94 / 1KG,,, Add to cart , Save to list 
Campbell's Country Ladle Soup Chicken & Sweet Corn 505g,https://www.woolworths.com.au/shop/productdetails/186164/campbell-s-country-ladle-soup-chicken-sweet-corn,https://assets.woolworths.com.au/images/1005/186164.jpg?impolicy=wowsmkqiema&w=260&h=260,$4.20,$0.83 / 100G,,, Add to cart , Save to list 
Essentials Parmesan Cheese 100g,https://www.woolworths.com.au/shop/productdetails/325134/essentials-parmesan-cheese,https://assets.woolworths.com.au/images/1005/325134.jpg?impolicy=wowsmkqiema&w=260&h=260,$2.00,$20.00 / 1KG,3.9,718, Add to cart , Save to list 
Heinz Heinz Ketchup Sauces Tomato Sauce 1l,https://www.woolworths.com.au/shop/productdetails/169592/heinz-ketchup-sauces-tomato-sauce,https://assets.woolworths.com.au/images/1005/169592.jpg?impolicy=wowsmkqiema&w=260&h=260,$6.00,$0.60 / 100ML,5.0,1, Add to cart , Save to list 
Safcol Salmon Atlantic Spring Water 95g,https://www.woolworths.com.au/shop/productdetails/340443/safcol-salmon-atlantic-spring-water,https://assets.woolworths.com.au/images/1005/340443.jpg?impolicy=wowsmkqiema&w=260&h=260,$2.00,$21.05 / 1KG,,, Add to cart , Save to list 
Uncle Tobys Vita Brits Breakfast Cereal 1kg,https://www.woolworths.com.au/shop/productdetails/36369/uncle-tobys-vita-brits-breakfast-cereal,https://assets.woolworths.com.au/images/1005/36369.jpg?impolicy=wowsmkqiema&w=260&h=260,$6.00,$0.60 / 100G,,, Add to cart , Save to list 
Campbell's Condensed Soup Cream Of Chicken 420g,https://www.woolworths.com.au/shop/productdetails/34282/campbell-s-condensed-soup-cream-of-chicken,https://assets.woolworths.com.au/images/1005/34282.jpg?impolicy=wowsmkqiema&w=260&h=260,$2.00,$0.48 / 100G,,, Add to cart , Save to list 
Masterfoods Steak Seasoning 45g,https://www.woolworths.com.au/shop/productdetails/92153/masterfoods-steak-seasoning,https://assets.woolworths.com.au/images/1005/92153.jpg?impolicy=wowsmkqiema&w=260&h=260,$4.00,$0.89 / 10G,,, Add to cart , Save to list 
Ayam Satay Sauce 250ml,https://www.woolworths.com.au/shop/productdetails/90316/ayam-satay-sauce,https://assets.woolworths.com.au/images/1005/90316.jpg?impolicy=wowsmkqiema&w=260&h=260,,,,,, Save to list 
Twinings Camomile & Spearmint Tea Bags 10 Pack,https://www.woolworths.com.au/shop/productdetails/87275/twinings-camomile-spearmint-tea-bags-tea-bags,https://assets.woolworths.com.au/images/1005/87275.jpg?impolicy=wowsmkqiema&w=260&h=260,$2.00,$0.20 / 1EA,,, Add to cart , Save to list 
Woolworths Long Grain Rice Microwave Cups 2 Pack,https://www.woolworths.com.au/shop/productdetails/552489/woolworths-long-grain-rice-microwave-cups,https://assets.woolworths.com.au/images/1005/552489.jpg?impolicy=wowsmkqiema&w=260&h=260,$2.20,$0.88 / 100G,,, Add to cart , Save to list 
Woolworths Rolled Traditional Oats 750g,https://www.woolworths.com.au/shop/productdetails/321220/woolworths-rolled-traditional-oats,https://assets.woolworths.com.au/images/1005/321220.jpg?impolicy=wowsmkqiema&w=260&h=260,$1.40,$0.19 / 100G,4.6,764, Add to cart , Save to list 
The Spice Tailor Classic Butter Chicken 300g,https://www.woolworths.com.au/shop/productdetails/452266/the-spice-tailor-classic-butter-chicken,https://assets.woolworths.com.au/images/1005/452266.jpg?impolicy=wowsmkqiema&w=260&h=260,$3.10,$1.03 / 100G,,, Add to cart , Save to list 
Heinz Soup Of The Day Old Fashioned Chicken Soup Pouch 430g,https://www.woolworths.com.au/shop/productdetails/750514/heinz-soup-of-the-day-old-fashioned-chicken-soup-pouch,https://assets.woolworths.com.au/images/1005/750514.jpg?impolicy=wowsmkqiema&w=260&h=260,$4.50,$1.05 / 100G,,, Add to cart , Save to list 
Mutti Baby Roma Tomatoes 400g,https://www.woolworths.com.au/shop/productdetails/795295/mutti-baby-roma-tomatoes,https://assets.woolworths.com.au/images/1005/795295.jpg?impolicy=wowsmkqiema&w=260&h=260,$2.40,$6.00 / 1KG,,, Add to cart , Save to list 
Jeeny's Ingredients Puree Tamarind 220g,https://www.woolworths.com.au/shop/productdetails/250310/jeeny-s-ingredients-puree-tamarind,https://assets.woolworths.com.au/images/1005/250310.jpg?impolicy=wowsmkqiema&w=260&h=260,$5.70,$2.59 / 100G,,, Add to cart , Save to list 
Sanitarium Weet-bix Cholesterol Lowering Breakfast Cereal 440g,https://www.woolworths.com.au/shop/productdetails/658537/sanitarium-weet-bix-cholesterol-lowering-breakfast-cereal,https://assets.woolworths.com.au/images/1005/658537.jpg?impolicy=wowsmkqiema&w=260&h=260,,,,,, Save to list 
Fountain Steak Sauce 250ml,https://www.woolworths.com.au/shop/productdetails/34444/fountain-steak-sauce,https://assets.woolworths.com.au/images/1005/34444.jpg?impolicy=wowsmkqiema&w=260&h=260,$3.50,$1.40 / 100ML,,, Add to cart , Save to list 
Mission Multigrain Tortillas 8 Pack,https://www.woolworths.com.au/shop/productdetails/333917/mission-multigrain-tortillas,https://assets.woolworths.com.au/images/1005/333917.jpg?impolicy=wowsmkqiema&w=260&h=260,$4.20,$1.09 / 100G,,, Add to cart , Save to list 
John West Salmon Pink 415g,https://www.woolworths.com.au/shop/productdetails/73595/john-west-salmon-pink,https://assets.woolworths.com.au/images/1005/73595.jpg?impolicy=wowsmkqiema&w=260&h=260,$8.50,$20.48 / 1KG,,, Add to cart , Save to list 
Kikkoman Soy Sauce Gluten Free Soy 250ml,https://www.woolworths.com.au/shop/productdetails/370455/kikkoman-soy-sauce-gluten-free-soy,https://assets.woolworths.com.au/images/1005/370455.jpg?impolicy=wowsmkqiema&w=260&h=260,$6.00,$2.40 / 100ML,,, Add to cart , Save to list 
Masterfoods Tarragon Leaves 7g,https://www.woolworths.com.au/shop/productdetails/35962/masterfoods-tarragon-leaves,https://assets.woolworths.com.au/images/1005/35962.jpg?impolicy=wowsmkqiema&w=260&h=260,$3.65,$5.21 / 10G,,, Add to cart , Save to list 
Edgell Super Sweet Corn Kernels Super Sweet 420g,https://www.woolworths.com.au/shop/productdetails/44079/edgell-super-sweet-corn-kernels-super-sweet,https://assets.woolworths.com.au/images/1005/44079.jpg?impolicy=wowsmkqiema&w=260&h=260,$2.50,$5.95 / 1KG,,, Add to cart , Save to list 
Macro Australian Sultanas 1kg,https://www.woolworths.com.au/shop/productdetails/89754/macro-australian-sultanas,https://assets.woolworths.com.au/images/1005/89754.jpg?impolicy=wowsmkqiema&w=260&h=260,$9.00,$9.00 / 1KG,4.7,241, Add to cart , Save to list 
Twinings Camomile & Spiced Apple Tea Bags 10 Pack,https://www.woolworths.com.au/shop/productdetails/791148/twinings-camomile-spiced-apple-tea-bags,https://assets.woolworths.com.au/images/1005/791148.jpg?impolicy=wowsmkqiema&w=260&h=260,$2.00,$0.20 / 1EA,,, Add to cart , Save to list 
Spam Ham Lite 340g,https://www.woolworths.com.au/shop/productdetails/10848/spam-ham-lite,https://assets.woolworths.com.au/images/1005/10848.jpg?impolicy=wowsmkqiema&w=260&h=260,$3.80,$11.18 / 1KG,,, Add to cart , Save to list 
Huy Fong Sriracha Hot Chilli Sauce 740ml,https://www.woolworths.com.au/shop/productdetails/655425/huy-fong-sriracha-hot-chilli-sauce,https://assets.woolworths.com.au/images/1005/655425.jpg?impolicy=wowsmkqiema&w=260&h=260,$9.80,$1.32 / 100ML,,, Add to cart , Save to list 
Heinz Creamy Tomato Soup For One 300g,https://www.woolworths.com.au/shop/productdetails/18161/heinz-creamy-tomato-soup-for-one-creamy-tomato,https://assets.woolworths.com.au/images/1005/18161.jpg?impolicy=wowsmkqiema&w=260&h=260,$2.30,$0.77 / 100G,,, Add to cart , Save to list 
Twinings Pure Peppermint Tea Bags 80 Pack,https://www.woolworths.com.au/shop/productdetails/888487/twinings-pure-peppermint-tea-bags,https://assets.woolworths.com.au/images/1005/888487.jpg?impolicy=wowsmkqiema&w=260&h=260,$13.50,$0.17 / 1EA,,, Add to cart , Save to list 
Lee Kum Kee Soy Sauce 150ml,https://www.woolworths.com.au/shop/productdetails/152363/lee-kum-kee-soy-sauce,https://assets.woolworths.com.au/images/1005/152363.jpg?impolicy=wowsmkqiema&w=260&h=260,$1.50,$1.00 / 100ML,,, Add to cart , Save to list 
Abc Kecap Manis Sweet Soy Sauce 600ml,https://www.woolworths.com.au/shop/productdetails/784997/abc-kecap-manis-sweet-soy-sauce,https://assets.woolworths.com.au/images/1005/784997.jpg?impolicy=wowsmkqiema&w=260&h=260,$5.60,$0.93 / 100ML,,, Add to cart , Save to list 
Hakubaku Organic Japanese Udon Noodle 270g,https://www.woolworths.com.au/shop/productdetails/210709/hakubaku-organic-japanese-udon-noodle,https://assets.woolworths.com.au/images/1005/210709.jpg?impolicy=wowsmkqiema&w=260&h=260,$2.80,$1.04 / 100G,,, Add to cart , Save to list 
Sirena Tuna Springwater In Springwater 425g,https://www.woolworths.com.au/shop/productdetails/765751/sirena-tuna-springwater-in-springwater,https://assets.woolworths.com.au/images/1005/765751.jpg?impolicy=wowsmkqiema&w=260&h=260,$7.50,$17.65 / 1KG,,, Add to cart , Save to list 
Campbell's Real Stock Chicken Liquid Stock 500ml,https://www.woolworths.com.au/shop/productdetails/34559/campbell-s-real-stock-chicken-liquid-stock,https://assets.woolworths.com.au/images/1005/34559.jpg?impolicy=wowsmkqiema&w=260&h=260,$2.75,$0.55 / 100ML,,, Add to cart , Save to list 
Twinings Earl Grey Tea Bags 100 Pack,https://www.woolworths.com.au/shop/productdetails/72617/twinings-earl-grey-tea-bags-tea-bags,https://assets.woolworths.com.au/images/1005/72617.jpg?impolicy=wowsmkqiema&w=260&h=260,$6.75,$0.07 / 1EA,,, Add to cart , Save to list 
Hoyts Rosemary 25g,https://www.woolworths.com.au/shop/productdetails/94620/hoyts-rosemary,https://assets.woolworths.com.au/images/1005/94620.jpg?impolicy=wowsmkqiema&w=260&h=260,$1.70,$0.68 / 10G,,, Add to cart , Save to list 
John West Street Asian Tuna Malaysian Curry 95g,https://www.woolworths.com.au/shop/productdetails/541542/john-west-street-asian-tuna-malaysian-curry,https://assets.woolworths.com.au/images/1005/541542.jpg?impolicy=wowsmkqiema&w=260&h=260,$2.70,$28.42 / 1KG,,, Add to cart , Save to list 
Quarter Past Vanilla Coffee Syrup 250ml,https://www.woolworths.com.au/shop/productdetails/789306/quarter-past-vanilla-coffee-syrup-vanilla,https://assets.woolworths.com.au/images/1005/789306.jpg?impolicy=wowsmkqiema&w=260&h=260,$5.00,$2.00 / 100ML,,, Add to cart , Save to list 
Essentials Coconut Cream 400ml,https://www.woolworths.com.au/shop/productdetails/31370/essentials-coconut-cream,https://assets.woolworths.com.au/images/1005/31370.jpg?impolicy=wowsmkqiema&w=260&h=260,$1.00,$0.25 / 100ML,4.3,531, Add to cart , Save to list 
San Remo Trivelle Pasta 500g,https://www.woolworths.com.au/shop/productdetails/10305/san-remo-trivelle-pasta,https://assets.woolworths.com.au/images/1005/10305.jpg?impolicy=wowsmkqiema&w=260&h=260,$2.95,$0.59 / 100G,,, Add to cart , Save to list 
Sunrice Hinata Short Grain Rice 5kg,https://www.woolworths.com.au/shop/productdetails/117602/sunrice-hinata-short-grain-rice,https://assets.woolworths.com.au/images/1005/117602.jpg?impolicy=wowsmkqiema&w=260&h=260,$12.00,$0.24 / 100G,,, Add to cart , Save to list 
John West Tuna Slices In Springwater 125g,https://www.woolworths.com.au/shop/productdetails/69345/john-west-tuna-slices-in-springwater,https://assets.woolworths.com.au/images/1005/69345.jpg?impolicy=wowsmkqiema&w=260&h=260,$3.80,$30.40 / 1KG,,, Add to cart , Save to list 
Woolworths Microwave Brown Rice Family Size 450g,https://www.woolworths.com.au/shop/productdetails/360354/woolworths-microwave-brown-rice-family-size,https://assets.woolworths.com.au/images/1005/360354.jpg?impolicy=wowsmkqiema&w=260&h=260,$2.75,$0.61 / 100G,,, Add to cart , Save to list 
King Oscar Sardines Olive Oil 105g,https://www.woolworths.com.au/shop/productdetails/53629/king-oscar-sardines-olive-oil,https://assets.woolworths.com.au/images/1005/53629.jpg?impolicy=wowsmkqiema&w=260&h=260,$3.20,$30.48 / 1KG,,, Add to cart , Save to list 
Essentials Tomato Paste 500g,https://www.woolworths.com.au/shop/productdetails/34004/essentials-tomato-paste,https://assets.woolworths.com.au/images/1005/34004.jpg?impolicy=wowsmkqiema&w=260&h=260,$1.40,$0.28 / 100G,4.4,708, Add to cart , Save to list 
John West Protein+ Vitamin B12 Tuna Bowl Couscous Rice Tomato & Onion 170g,https://www.woolworths.com.au/shop/productdetails/167239/john-west-protein-vitamin-b12-tuna-bowl-couscous-rice-tomato-onion,https://assets.woolworths.com.au/images/1005/167239.jpg?impolicy=wowsmkqiema&w=260&h=260,$3.50,$20.59 / 1KG,,, Add to cart , Save to list 
Continental Cup A Soup Creamy Chicken & Corn With Croutons 30g X 2 Pack,https://www.woolworths.com.au/shop/productdetails/166227/continental-cup-a-soup-creamy-chicken-corn-with-croutons,https://assets.woolworths.com.au/images/1005/166227.jpg?impolicy=wowsmkqiema&w=260&h=260,$2.80,$4.67 / 100G,,, Add to cart , Save to list 
Essentials Plain Flour 1kg,https://www.woolworths.com.au/shop/productdetails/33282/essentials-plain-flour,https://assets.woolworths.com.au/images/1005/33282.jpg?impolicy=wowsmkqiema&w=260&h=260,$1.15,$1.15 / 1KG,4.8,457, Add to cart , Save to list 
San Remo Spirals Large Pasta 500g,https://www.woolworths.com.au/shop/productdetails/36756/san-remo-spirals-large-pasta,https://assets.woolworths.com.au/images/1005/36756.jpg?impolicy=wowsmkqiema&w=260&h=260,$2.95,$0.59 / 100G,,, Add to cart , Save to list 
Fountain Barbecue Bbq Sauce 500ml,https://www.woolworths.com.au/shop/productdetails/306971/fountain-barbecue-bbq-sauce-squeeze,https://assets.woolworths.com.au/images/1005/306971.jpg?impolicy=wowsmkqiema&w=260&h=260,$2.00,$0.40 / 100ML,,, Add to cart , Save to list 
Mutti Parma Polpa Finely Chopped Tomatoes With Basil 400g,https://www.woolworths.com.au/shop/productdetails/131555/mutti-parma-polpa-finely-chopped-tomatoes-with-basil,https://assets.woolworths.com.au/images/1005/131555.jpg?impolicy=wowsmkqiema&w=260&h=260,$2.30,$5.75 / 1KG,,, Add to cart , Save to list 
Woolworths Jasmine Rice 5kg,https://www.woolworths.com.au/shop/productdetails/601343/woolworths-jasmine-rice,https://assets.woolworths.com.au/images/1005/601343.jpg?impolicy=wowsmkqiema&w=260&h=260,$12.50,$0.25 / 100G,,, Add to cart , Save to list 
Smooze Mango & Coconut 8x65ml,https://www.woolworths.com.au/shop/productdetails/939282/smooze-mango-coconut,https://assets.woolworths.com.au/images/1005/939282.jpg?impolicy=wowsmkqiema&w=260&h=260,$7.00,$1.35 / 100ML,,, Add to cart , Save to list 
Woolworths Walnuts Pieces 250g,https://www.woolworths.com.au/shop/productdetails/89758/woolworths-walnuts-pieces,https://assets.woolworths.com.au/images/1005/89758.jpg?impolicy=wowsmkqiema&w=260&h=260,$6.30,$25.20 / 1KG,4.8,245, Add to cart , Save to list 
Twinings Earl Grey Tea Bags 10 Pack,https://www.woolworths.com.au/shop/productdetails/41944/twinings-earl-grey-tea-bags-tea-bags,https://assets.woolworths.com.au/images/1005/41944.jpg?impolicy=wowsmkqiema&w=260&h=260,$2.00,$0.20 / 1EA,,, Add to cart , Save to list 
Woolworths White Corn Tortilla Strips 230g,https://www.woolworths.com.au/shop/productdetails/135886/woolworths-white-corn-tortilla-strips,https://assets.woolworths.com.au/images/1005/135886.jpg?impolicy=wowsmkqiema&w=260&h=260,$2.60,$1.13 / 100G,4.5,1203, Add to cart , Save to list 
Heinz Classic Creamy Chicken & Mushroom Soup Ready Meals 520g,https://www.woolworths.com.au/shop/productdetails/828503/heinz-classic-creamy-chicken-mushroom-soup-ready-meals,https://assets.woolworths.com.au/images/1005/828503.jpg?impolicy=wowsmkqiema&w=260&h=260,$3.50,$0.67 / 100G,,, Add to cart , Save to list 
Saxa Iodised Rock Salt 500g,https://www.woolworths.com.au/shop/productdetails/306498/saxa-iodised-rock-salt-salt,https://assets.woolworths.com.au/images/1005/306498.jpg?impolicy=wowsmkqiema&w=260&h=260,$2.80,$0.06 / 10G,,, Add to cart , Save to list 
Taylors Of Harrogate Yorkshire Extra Strong Tea Bags 100 Pack,https://www.woolworths.com.au/shop/productdetails/576100/taylors-of-harrogate-yorkshire-extra-strong-tea-bags,https://assets.woolworths.com.au/images/1005/576100.jpg?impolicy=wowsmkqiema&w=260&h=260,$6.50,$0.07 / 1EA,,, Add to cart , Save to list 
Spc Spaghetti Rich Tomato 140g X 4 Pack,https://www.woolworths.com.au/shop/productdetails/2883/spc-spaghetti-rich-tomato,https://assets.woolworths.com.au/images/1005/2883.jpg?impolicy=wowsmkqiema&w=260&h=260,$5.00,$0.89 / 100G,,, Add to cart , Save to list 
San Remo Spirals Vegeroni 375g,https://www.woolworths.com.au/shop/productdetails/6177/san-remo-spirals-vegeroni,https://assets.woolworths.com.au/images/1005/6177.jpg?impolicy=wowsmkqiema&w=260&h=260,$2.95,$0.79 / 100G,,, Add to cart , Save to list 
Suimin Oriental Chicken Cup 70g,https://www.woolworths.com.au/shop/productdetails/9782/suimin-oriental-chicken-cup,https://assets.woolworths.com.au/images/1005/9782.jpg?impolicy=wowsmkqiema&w=260&h=260,$1.50,$2.14 / 100G,,, Add to cart , Save to list 
Continental Calssics Flavoured Rice Chicken Serves 2 120g,https://www.woolworths.com.au/shop/productdetails/141917/continental-calssics-flavoured-rice-chicken-serves-2,https://assets.woolworths.com.au/images/1005/141917.jpg?impolicy=wowsmkqiema&w=260&h=260,$2.80,$2.33 / 100G,,, Add to cart , Save to list 
Praise Seafood Sauce 250ml,https://www.woolworths.com.au/shop/productdetails/785764/praise-seafood-sauce,https://assets.woolworths.com.au/images/1005/785764.jpg?impolicy=wowsmkqiema&w=260&h=260,$3.50,$1.40 / 100ML,,, Add to cart , Save to list 
Woolworths Red Kidney Beans No Added Salt 420g,https://www.woolworths.com.au/shop/productdetails/259401/woolworths-red-kidney-beans-no-added-salt,https://assets.woolworths.com.au/images/1005/259401.jpg?impolicy=wowsmkqiema&w=260&h=260,$1.00,$0.24 / 100G,4.6,713, Add to cart , Save to list 
Csr Original Treacle 850g,https://www.woolworths.com.au/shop/productdetails/93700/csr-original-treacle,https://assets.woolworths.com.au/images/1005/93700.jpg?impolicy=wowsmkqiema&w=260&h=260,$5.45,$0.64 / 100G,,, Add to cart , Save to list 
Kikkoman Marinade Teriyaki 250ml,https://www.woolworths.com.au/shop/productdetails/33948/kikkoman-marinade-teriyaki,https://assets.woolworths.com.au/images/1005/33948.jpg?impolicy=wowsmkqiema&w=260&h=260,$4.00,$1.60 / 100ML,,, Add to cart , Save to list 
Campbell's Country Ladle Soup Butternut Pumpkin 505g,https://www.woolworths.com.au/shop/productdetails/45795/campbell-s-country-ladle-soup-butternut-pumpkin,https://assets.woolworths.com.au/images/1005/45795.jpg?impolicy=wowsmkqiema&w=260&h=260,$4.20,$0.83 / 100G,,, Add to cart , Save to list 
Sanitarium Up&go Liquid Breakfast Choc Ice 12 Pack,https://www.woolworths.com.au/shop/productdetails/717255/sanitarium-up-go-liquid-breakfast-choc-ice,https://assets.woolworths.com.au/images/1005/717255.jpg?impolicy=wowsmkqiema&w=260&h=260,$15.80,$5.27 / 1L,,, Add to cart , Save to list 
Spc Spaghetti Cheesy Cheddar 420g,https://www.woolworths.com.au/shop/productdetails/10490/spc-spaghetti-cheesy-cheddar-cheesy-cheddar-sauce,https://assets.woolworths.com.au/images/1005/10490.jpg?impolicy=wowsmkqiema&w=260&h=260,$1.70,$0.40 / 100G,,, Add to cart , Save to list 
Maharajah's Choice Turmeric Spice 250g,https://www.woolworths.com.au/shop/productdetails/433284/maharajah-s-choice-turmeric-spice,https://assets.woolworths.com.au/images/1005/433284.jpg?impolicy=wowsmkqiema&w=260&h=260,$2.50,$0.10 / 10G,,, Add to cart , Save to list 
John West Salmon Red 105g,https://www.woolworths.com.au/shop/productdetails/33924/john-west-salmon-red,https://assets.woolworths.com.au/images/1005/33924.jpg?impolicy=wowsmkqiema&w=260&h=260,$6.50,$61.90 / 1KG,,, Add to cart , Save to list 
Mr Chen's Vermicelli Rice Noodles 300g,https://www.woolworths.com.au/shop/productdetails/123892/mr-chen-s-vermicelli-rice-noodles,https://assets.woolworths.com.au/images/1005/123892.jpg?impolicy=wowsmkqiema&w=260&h=260,$1.75,$0.58 / 100G,,, Add to cart , Save to list 
Obento Japanese Sushi & Sashimi Soy Sauce 250ml,https://www.woolworths.com.au/shop/productdetails/717762/obento-japanese-sushi-sashimi-soy-sauce,https://assets.woolworths.com.au/images/1005/717762.jpg?impolicy=wowsmkqiema&w=260&h=260,$3.60,$1.44 / 100ML,,, Add to cart , Save to list 
Macro Organic Spirals Pasta 500g,https://www.woolworths.com.au/shop/productdetails/215451/macro-organic-spirals-pasta,https://assets.woolworths.com.au/images/1005/215451.jpg?impolicy=wowsmkqiema&w=260&h=260,$1.65,$0.33 / 100G,4.4,323, Add to cart , Save to list 
Vitasoy Original Soy Milk 1l,https://www.woolworths.com.au/shop/productdetails/35617/vitasoy-original-soy-milk,https://assets.woolworths.com.au/images/1005/35617.jpg?impolicy=wowsmkqiema&w=260&h=260,$3.00,$3.00 / 1L,,, Add to cart , Save to list 
Woolworths Pineapple Slices In Juice 425g,https://www.woolworths.com.au/shop/productdetails/563001/woolworths-pineapple-slices-in-juice,https://assets.woolworths.com.au/images/1005/563001.jpg?impolicy=wowsmkqiema&w=260&h=260,$1.50,$3.53 / 1KG,4.2,410, Add to cart , Save to list 
Tilda Microwave Coconut Basmati Rice 250g,https://www.woolworths.com.au/shop/productdetails/728232/tilda-microwave-coconut-basmati-rice,https://assets.woolworths.com.au/images/1005/728232.jpg?impolicy=wowsmkqiema&w=260&h=260,$3.00,$1.20 / 100G,,, Add to cart , Save to list 
Saxa Natural Pink Himalayan Salt Grinder 95g,https://www.woolworths.com.au/shop/productdetails/772021/saxa-natural-pink-himalayan-salt-grinder,https://assets.woolworths.com.au/images/1005/772021.jpg?impolicy=wowsmkqiema&w=260&h=260,$6.50,$0.68 / 10G,,, Add to cart , Save to list 
Sirena Tuna Tomato & Basil 95g,https://www.woolworths.com.au/shop/productdetails/64139/sirena-tuna-tomato-basil,https://assets.woolworths.com.au/images/1005/64139.jpg?impolicy=wowsmkqiema&w=260&h=260,$2.95,$31.05 / 1KG,,, Add to cart , Save to list 
Woolworths Garlic Powder 50g,https://www.woolworths.com.au/shop/productdetails/251020/woolworths-garlic-powder,https://assets.woolworths.com.au/images/1005/251020.jpg?impolicy=wowsmkqiema&w=260&h=260,,,4.4,550,, Save to list 
Woolworths Basmati Rice 2kg,https://www.woolworths.com.au/shop/productdetails/694551/woolworths-basmati-rice,https://assets.woolworths.com.au/images/1005/694551.jpg?impolicy=wowsmkqiema&w=260&h=260,$7.00,$0.35 / 100G,4.8,262, Add to cart , Save to list 
Yoodles Brown Rice Noodles Chicken 70g,https://www.woolworths.com.au/shop/productdetails/473597/yoodles-brown-rice-noodles-chicken,https://assets.woolworths.com.au/images/1005/473597.jpg?impolicy=wowsmkqiema&w=260&h=260,$1.80,$2.57 / 100G,,, Add to cart , Save to list 
Dollar Sweets Bright Sprinkles Jar 90g,https://www.woolworths.com.au/shop/productdetails/491609/dollar-sweets-bright-sprinkles-jar,https://assets.woolworths.com.au/images/1005/491609.jpg?impolicy=wowsmkqiema&w=260&h=260,$3.50,$3.89 / 100G,,, Add to cart , Save to list 
Spc Baked Beans Rich Tomato 425g,https://www.woolworths.com.au/shop/productdetails/36359/spc-baked-beans-rich-tomato-tomato-sauce,https://assets.woolworths.com.au/images/1005/36359.jpg?impolicy=wowsmkqiema&w=260&h=260,$1.70,$0.40 / 100G,,, Add to cart , Save to list 
Continental Soup Sensations Sweet Potato Pumpkin & Caramelised Onion 63g,https://www.woolworths.com.au/shop/productdetails/81686/continental-soup-sensations-sweet-potato-pumpkin-caramelised-onion,https://assets.woolworths.com.au/images/1005/81686.jpg?impolicy=wowsmkqiema&w=260&h=260,$3.50,$5.56 / 100G,,, Add to cart , Save to list 
Mccormick Organic Cinnamon Ground 13g,https://www.woolworths.com.au/shop/productdetails/700379/mccormick-organic-cinnamon-ground,https://assets.woolworths.com.au/images/1005/700379.jpg?impolicy=wowsmkqiema&w=260&h=260,$2.75,$2.12 / 10G,,, Add to cart , Save to list 
Belvita Strawberry Yoghurt Breakfast Biscuits 5 Pack,https://www.woolworths.com.au/shop/productdetails/510428/belvita-strawberry-yoghurt-breakfast-biscuits,https://assets.woolworths.com.au/images/1005/510428.jpg?impolicy=wowsmkqiema&w=260&h=260,$3.50,$1.38 / 100G,,, Add to cart , Save to list 
John West Calcium Rich Tuna Springwater 90g,https://www.woolworths.com.au/shop/productdetails/157659/john-west-calcium-rich-tuna-springwater,https://assets.woolworths.com.au/images/1005/157659.jpg?impolicy=wowsmkqiema&w=260&h=260,$1.75,$19.44 / 1KG,,, Add to cart , Save to list 
Robert Timms Italian Espresso Style Coffee Bags 28 Pack,https://www.woolworths.com.au/shop/productdetails/283136/robert-timms-italian-espresso-style-coffee-bags,https://assets.woolworths.com.au/images/1005/283136.jpg?impolicy=wowsmkqiema&w=260&h=260,$13.50,$0.48 / 1EA,,, Add to cart , Save to list 
Obento Marinade Teriyaki 250ml,https://www.woolworths.com.au/shop/productdetails/481200/obento-marinade-teriyaki,https://assets.woolworths.com.au/images/1005/481200.jpg?impolicy=wowsmkqiema&w=260&h=260,$3.30,$1.32 / 100ML,,, Add to cart , Save to list 
Obento Japanese Cooking Sake 250ml,https://www.woolworths.com.au/shop/productdetails/790391/obento-japanese-cooking-sake,https://assets.woolworths.com.au/images/1005/790391.jpg?impolicy=wowsmkqiema&w=260&h=260,$3.60,$1.44 / 100ML,,, Add to cart , Save to list 
Twinings Tea Bags Lemon & Ginger 80 Pack,https://www.woolworths.com.au/shop/productdetails/931160/twinings-tea-bags-lemon-ginger,https://assets.woolworths.com.au/images/1005/931160.jpg?impolicy=wowsmkqiema&w=260&h=260,$13.50,$0.17 / 1EA,,, Add to cart , Save to list 
Higher Living Rooibos African Tea 40 Pack,https://www.woolworths.com.au/shop/productdetails/728344/higher-living-rooibos-african-tea,https://assets.woolworths.com.au/images/1005/728344.jpg?impolicy=wowsmkqiema&w=260&h=260,$5.50,$0.14 / 1EA,,, Add to cart , Save to list 
Hoyts Turmeric 140g,https://www.woolworths.com.au/shop/productdetails/574896/hoyts-turmeric,https://assets.woolworths.com.au/images/1005/574896.jpg?impolicy=wowsmkqiema&w=260&h=260,$5.50,$0.39 / 10G,,, Add to cart , Save to list 
Maggie Beer Natural Vegetable Stock 500ml,https://www.woolworths.com.au/shop/productdetails/678699/maggie-beer-natural-vegetable-stock,https://assets.woolworths.com.au/images/1005/678699.jpg?impolicy=wowsmkqiema&w=260&h=260,$5.50,$1.10 / 100ML,,, Add to cart , Save to list 
Mutti Polpa Chopped Tomato 210g,https://www.woolworths.com.au/shop/productdetails/52604/mutti-polpa-chopped-tomato,https://assets.woolworths.com.au/images/1005/52604.jpg?impolicy=wowsmkqiema&w=260&h=260,$1.30,$6.19 / 1KG,,, Add to cart , Save to list 
San Remo Tagliatelle Egg Noodle Pasta 250g,https://www.woolworths.com.au/shop/productdetails/11252/san-remo-tagliatelle-egg-noodle-pasta,https://assets.woolworths.com.au/images/1005/11252.jpg?impolicy=wowsmkqiema&w=260&h=260,$1.90,$0.76 / 100G,,, Add to cart , Save to list 
Woolworths Free From Gluten Ingredients Tortilla Corn 280g,https://www.woolworths.com.au/shop/productdetails/777201/woolworths-free-from-gluten-ingredients-tortilla-corn,https://assets.woolworths.com.au/images/1005/777201.jpg?impolicy=wowsmkqiema&w=260&h=260,$3.20,$1.14 / 100G,2.8,841, Add to cart , Save to list 
Campbell's Country Ladle Soup Minestrone 495g,https://www.woolworths.com.au/shop/productdetails/45777/campbell-s-country-ladle-soup-minestrone,https://assets.woolworths.com.au/images/1005/45777.jpg?impolicy=wowsmkqiema&w=260&h=260,$4.20,$0.85 / 100G,,, Add to cart , Save to list 
Continental Vegetable Liquid Stock Vegetable Stock 1l,https://www.woolworths.com.au/shop/productdetails/678656/continental-vegetable-liquid-stock-vegetable-stock,https://assets.woolworths.com.au/images/1005/678656.jpg?impolicy=wowsmkqiema&w=260&h=260,$3.00,$0.30 / 100ML,5.0,1, Add to cart , Save to list 
John West Salmon Pink 105g,https://www.woolworths.com.au/shop/productdetails/34927/john-west-salmon-pink,https://assets.woolworths.com.au/images/1005/34927.jpg?impolicy=wowsmkqiema&w=260&h=260,$3.50,$33.33 / 1KG,,, Add to cart , Save to list 
La Molisana Pastificio Extra Di Lusso Rigatoni Divini 500g,https://www.woolworths.com.au/shop/productdetails/74791/la-molisana-pastificio-extra-di-lusso-rigatoni-divini,https://assets.woolworths.com.au/images/1005/74791.jpg?impolicy=wowsmkqiema&w=260&h=260,$4.00,$0.80 / 100G,4.5,560, Add to cart , Save to list 
Devondale 100% Pure Full Cream Long Life Milk 1l,https://www.woolworths.com.au/shop/productdetails/33557/devondale-100-pure-full-cream-long-life-milk,https://assets.woolworths.com.au/images/1005/33557.jpg?impolicy=wowsmkqiema&w=260&h=260,$2.20,$2.20 / 1L,,, Add to cart , Save to list 
Kan Tong Pineapple Sweet & Sour Stir Fry Sauce 515g,https://www.woolworths.com.au/shop/productdetails/758374/kan-tong-pineapple-sweet-sour-stir-fry-sauce,https://assets.woolworths.com.au/images/1005/758374.jpg?impolicy=wowsmkqiema&w=260&h=260,$4.00,$0.78 / 100G,,, Add to cart , Save to list 
Continental Soup Sensations Creamy Roast Chicken & Spring Onion 30.5g X 2 Pack,https://www.woolworths.com.au/shop/productdetails/82796/continental-soup-sensations-creamy-roast-chicken-spring-onion,https://assets.woolworths.com.au/images/1005/82796.jpg?impolicy=wowsmkqiema&w=260&h=260,$3.50,$5.74 / 100G,,, Add to cart , Save to list 
Woolworths Himalayan Pink Fine Table Salt 750g,https://www.woolworths.com.au/shop/productdetails/476441/woolworths-himalayan-pink-fine-table-salt,https://assets.woolworths.com.au/images/1005/476441.jpg?impolicy=wowsmkqiema&w=260&h=260,$4.70,$0.06 / 10G,4.6,594, Add to cart , Save to list 
Sole Mare Portuguese Style Sardines 120g,https://www.woolworths.com.au/shop/productdetails/67504/sole-mare-portuguese-style-sardines,https://assets.woolworths.com.au/images/1005/67504.jpg?impolicy=wowsmkqiema&w=260&h=260,$3.00,$25.00 / 1KG,,, Add to cart , Save to list 
Vitasoy Soy & Protein Unsweetened Milk 1l,https://www.woolworths.com.au/shop/productdetails/83114/vitasoy-soy-protein-unsweetened-milk,https://assets.woolworths.com.au/images/1005/83114.jpg?impolicy=wowsmkqiema&w=260&h=260,$3.00,$3.00 / 1L,,, Add to cart , Save to list 
Woolworths Fresh Continental Parsley Bunch,https://www.woolworths.com.au/shop/productdetails/144785/woolworths-fresh-continental-parsley-fresh-herb,https://assets.woolworths.com.au/images/1005/144785.jpg?impolicy=wowsmkqiema&w=260&h=260,$3.20,$3.20 / 1EA,4.6,191, Add to cart , Save to list 
Woolworths Free From Lactose Lite Milk 1l,https://www.woolworths.com.au/shop/productdetails/799813/woolworths-free-from-lactose-lite-milk,https://assets.woolworths.com.au/images/1005/799813.jpg?impolicy=wowsmkqiema&w=260&h=260,$2.00,$2.00 / 1L,4.4,584, Add to cart , Save to list 
Woolworths Maple Flavoured Syrup 375g,https://www.woolworths.com.au/shop/productdetails/679990/woolworths-maple-flavoured-syrup,https://assets.woolworths.com.au/images/1005/679990.jpg?impolicy=wowsmkqiema&w=260&h=260,$2.50,$0.67 / 100G,3.7,527, Add to cart , Save to list 
Heinz Spaghetti The One For All Pasta Tin Spaghetti Cheese 535g,https://www.woolworths.com.au/shop/productdetails/698733/heinz-spaghetti-the-one-for-all-pasta-tin-spaghetti-cheese,https://assets.woolworths.com.au/images/1005/698733.jpg?impolicy=wowsmkqiema&w=260&h=260,$3.50,$0.65 / 100G,,, Add to cart , Save to list 
Campbell's Country Ladle Soup Creamy Chicken 500g,https://www.woolworths.com.au/shop/productdetails/204677/campbell-s-country-ladle-soup-creamy-chicken,https://assets.woolworths.com.au/images/1005/204677.jpg?impolicy=wowsmkqiema&w=260&h=260,$4.20,$0.84 / 100G,,, Add to cart , Save to list 
Hoyts Sesame Seeds 100g,https://www.woolworths.com.au/shop/productdetails/94622/hoyts-sesame-seeds,https://assets.woolworths.com.au/images/1005/94622.jpg?impolicy=wowsmkqiema&w=260&h=260,$3.00,$0.30 / 10G,,, Add to cart , Save to list 
Brunswick Sardines Tomato Sauce 106g,https://www.woolworths.com.au/shop/productdetails/38844/brunswick-sardines-tomato-sauce,https://assets.woolworths.com.au/images/1005/38844.jpg?impolicy=wowsmkqiema&w=260&h=260,$1.65,$15.57 / 1KG,,, Add to cart , Save to list 
Paramount Salmon Pure Pink 100g,https://www.woolworths.com.au/shop/productdetails/33457/paramount-salmon-pure-pink,https://assets.woolworths.com.au/images/1005/33457.jpg?impolicy=wowsmkqiema&w=260&h=260,$3.30,$33.00 / 1KG,1.0,1, Add to cart , Save to list 
Erawan Tapioca Starch 500g,https://www.woolworths.com.au/shop/productdetails/49119/erawan-tapioca-starch,https://assets.woolworths.com.au/images/1005/49119.jpg?impolicy=wowsmkqiema&w=260&h=260,$1.70,$0.34 / 100G,,, Add to cart , Save to list 
Leggo's Sundried Tomato Garlic Stir Through Sauce 350g,https://www.woolworths.com.au/shop/productdetails/30644/leggo-s-sundried-tomato-garlic-stir-through-sauce,https://assets.woolworths.com.au/images/1005/30644.jpg?impolicy=wowsmkqiema&w=260&h=260,$5.30,$1.51 / 100G,,, Add to cart , Save to list 
San Remo Gluten Free Spaghetti 350g,https://www.woolworths.com.au/shop/productdetails/656967/san-remo-gluten-free-spaghetti,https://assets.woolworths.com.au/images/1005/656967.jpg?impolicy=wowsmkqiema&w=260&h=260,$3.50,$1.00 / 100G,,, Add to cart , Save to list 
Twinings Pure Camomile Tea Bags 80 Pack,https://www.woolworths.com.au/shop/productdetails/888464/twinings-pure-camomile-tea-bags,https://assets.woolworths.com.au/images/1005/888464.jpg?impolicy=wowsmkqiema&w=260&h=260,$13.50,$0.17 / 1EA,,, Add to cart , Save to list 
﻿Macro Seed Mix With Pepitas & Sunflower Seeds 250g,https://www.woolworths.com.au/shop/productdetails/89756/macro-seed-mix-with-pepitas-sunflower-seeds,https://assets.woolworths.com.au/images/1005/89756.jpg?impolicy=wowsmkqiema&w=260&h=260,$4.50,$18.00 / 1KG,4.5,688, Add to cart , Save to list 
Woolworths Black Beans No Added Salt Can 420g,https://www.woolworths.com.au/shop/productdetails/663581/woolworths-black-beans-no-added-salt-can,https://assets.woolworths.com.au/images/1005/663581.jpg?impolicy=wowsmkqiema&w=260&h=260,$1.00,$0.24 / 100G,4.4,302, Add to cart , Save to list 
Mission Mild Salsa Chunky 300g,https://www.woolworths.com.au/shop/productdetails/137673/mission-mild-salsa-chunky,https://assets.woolworths.com.au/images/1005/137673.jpg?impolicy=wowsmkqiema&w=260&h=260,$4.40,$1.47 / 100G,,, Add to cart , Save to list 
Twinings Orange & Cinnamon Tea Bags 10 Pack,https://www.woolworths.com.au/shop/productdetails/791152/twinings-orange-cinnamon-tea-bags-tea,https://assets.woolworths.com.au/images/1005/791152.jpg?impolicy=wowsmkqiema&w=260&h=260,$2.00,$0.20 / 1EA,,, Add to cart , Save to list 
John West Tuna Slices Smoked In Olive Oil 125g,https://www.woolworths.com.au/shop/productdetails/98520/john-west-tuna-slices-smoked-in-olive-oil,https://assets.woolworths.com.au/images/1005/98520.jpg?impolicy=wowsmkqiema&w=260&h=260,$3.80,$30.40 / 1KG,,, Add to cart , Save to list 
Sunrice Microwave Long Grain In 90 Seconds 250g,https://www.woolworths.com.au/shop/productdetails/244755/sunrice-microwave-long-grain-in-90-seconds,https://assets.woolworths.com.au/images/1005/244755.jpg?impolicy=wowsmkqiema&w=260&h=260,$3.00,$1.20 / 100G,,, Add to cart , Save to list 
Hoyts Turmeric 25g,https://www.woolworths.com.au/shop/productdetails/94625/hoyts-turmeric,https://assets.woolworths.com.au/images/1005/94625.jpg?impolicy=wowsmkqiema&w=260&h=260,$1.80,$0.72 / 10G,,, Add to cart , Save to list 
Woolworths Barbecue Sauce 2l,https://www.woolworths.com.au/shop/productdetails/73863/woolworths-barbecue-sauce,https://assets.woolworths.com.au/images/1005/73863.jpg?impolicy=wowsmkqiema&w=260&h=260,$4.70,$0.24 / 100ML,,, Add to cart , Save to list 
Csr Brown Sugar 500g,https://www.woolworths.com.au/shop/productdetails/33142/csr-brown-sugar,https://assets.woolworths.com.au/images/1005/33142.jpg?impolicy=wowsmkqiema&w=260&h=260,$2.25,$0.45 / 100G,,, Add to cart , Save to list 
Campbell's Condensed Soup Cream Of Mushroom 420g,https://www.woolworths.com.au/shop/productdetails/34290/campbell-s-condensed-soup-cream-of-mushroom,https://assets.woolworths.com.au/images/1005/34290.jpg?impolicy=wowsmkqiema&w=260&h=260,$2.00,$0.48 / 100G,,, Add to cart , Save to list 
Campbell's Country Ladle Soup Hearty Beef & Vegetable 500g,https://www.woolworths.com.au/shop/productdetails/144709/campbell-s-country-ladle-soup-hearty-beef-vegetable,https://assets.woolworths.com.au/images/1005/144709.jpg?impolicy=wowsmkqiema&w=260&h=260,$4.20,$0.84 / 100G,,, Add to cart , Save to list 
Woolworths Fresh Herb Coriander Bunch,https://www.woolworths.com.au/shop/productdetails/137091/woolworths-fresh-herb-coriander,https://assets.woolworths.com.au/images/1005/137091.jpg?impolicy=wowsmkqiema&w=260&h=260,$3.20,$3.20 / 1EA,4.5,208, Add to cart , Save to list 
Vitasoy Almond Milk Unsweetened 1l,https://www.woolworths.com.au/shop/productdetails/926885/vitasoy-almond-milk-unsweetened,https://assets.woolworths.com.au/images/1005/926885.jpg?impolicy=wowsmkqiema&w=260&h=260,$3.30,$3.30 / 1L,4.0,1, Add to cart , Save to list 
Bushells Blue Label Tea Bags Black 50 Pack,https://www.woolworths.com.au/shop/productdetails/36643/bushells-blue-label-tea-bags-black,https://assets.woolworths.com.au/images/1005/36643.jpg?impolicy=wowsmkqiema&w=260&h=260,$2.20,$0.04 / 1EA,,, Add to cart , Save to list 
Campbell's Real Stock Beef Liquid Stock 500ml,https://www.woolworths.com.au/shop/productdetails/93351/campbell-s-real-stock-beef-liquid-stock,https://assets.woolworths.com.au/images/1005/93351.jpg?impolicy=wowsmkqiema&w=260&h=260,$2.75,$0.55 / 100ML,,, Add to cart , Save to list 
Poonsin Vietnamese Dipping Sauce For Spring Roll 300ml,https://www.woolworths.com.au/shop/productdetails/228978/poonsin-vietnamese-dipping-sauce-for-spring-roll,https://assets.woolworths.com.au/images/1005/228978.jpg?impolicy=wowsmkqiema&w=260&h=260,$3.00,$1.00 / 100ML,2.0,1, Add to cart , Save to list 
Woolworths Chicken Liquid Stock Salt Reduced 1l,https://www.woolworths.com.au/shop/productdetails/310256/woolworths-chicken-liquid-stock-salt-reduced,https://assets.woolworths.com.au/images/1005/310256.jpg?impolicy=wowsmkqiema&w=260&h=260,$2.00,$0.20 / 100ML,4.5,1307, Add to cart , Save to list 
Suimin Mi Goreng Noodle Cup 70g,https://www.woolworths.com.au/shop/productdetails/343883/suimin-mi-goreng-noodle-cup,https://assets.woolworths.com.au/images/1005/343883.jpg?impolicy=wowsmkqiema&w=260&h=260,$1.50,$2.14 / 100G,,, Add to cart , Save to list 
Lipton Quality Black Tea Bags 200 Pack,https://www.woolworths.com.au/shop/productdetails/587903/lipton-quality-black-tea-bags,https://assets.woolworths.com.au/images/1005/587903.jpg?impolicy=wowsmkqiema&w=260&h=260,$8.00,$0.04 / 1EA,,, Add to cart , Save to list 
Essentials Icing Sugar Mixture 1kg,https://www.woolworths.com.au/shop/productdetails/115632/essentials-icing-sugar-mixture,https://assets.woolworths.com.au/images/1005/115632.jpg?impolicy=wowsmkqiema&w=260&h=260,$3.60,$0.36 / 100G,4.7,772, Add to cart , Save to list 
Massel Gourmet Liquid Stock Chicken 1l,https://www.woolworths.com.au/shop/productdetails/249573/massel-gourmet-liquid-stock-chicken,https://assets.woolworths.com.au/images/1005/249573.jpg?impolicy=wowsmkqiema&w=260&h=260,$3.80,$0.38 / 100ML,5.0,1, Add to cart , Save to list 
Woolworths Brown Rice Grain 1kg,https://www.woolworths.com.au/shop/productdetails/777630/woolworths-brown-rice-grain,https://assets.woolworths.com.au/images/1005/777630.jpg?impolicy=wowsmkqiema&w=260&h=260,$2.50,$0.25 / 100G,4.5,195, Add to cart , Save to list 
Sunrice Microwave Indian Basmati Rice 250g,https://www.woolworths.com.au/shop/productdetails/267561/sunrice-microwave-indian-basmati-rice,https://assets.woolworths.com.au/images/1005/267561.jpg?impolicy=wowsmkqiema&w=260&h=260,$3.00,$1.20 / 100G,,, Add to cart , Save to list 
Campbell's Country Ladle Soup Chicken Noodle 500g,https://www.woolworths.com.au/shop/productdetails/370259/campbell-s-country-ladle-soup-chicken-noodle,https://assets.woolworths.com.au/images/1005/370259.jpg?impolicy=wowsmkqiema&w=260&h=260,$4.20,$0.84 / 100G,,, Add to cart , Save to list 
Macro Organic Soy Long Life Milk 1l,https://www.woolworths.com.au/shop/productdetails/215455/macro-organic-soy-long-life-milk,https://assets.woolworths.com.au/images/1005/215455.jpg?impolicy=wowsmkqiema&w=260&h=260,$1.60,$1.60 / 1L,3.8,465, Add to cart , Save to list 
Saxa Natural Australian Salt Traditional Cooking Seasoning 1kg,https://www.woolworths.com.au/shop/productdetails/306491/saxa-natural-australian-salt-traditional-cooking-seasoning,https://assets.woolworths.com.au/images/1005/306491.jpg?impolicy=wowsmkqiema&w=260&h=260,,,,,, Save to list 
Stevia Sweet Granulated Sachets 50 Pack,https://www.woolworths.com.au/shop/productdetails/329036/stevia-sweet-granulated-sachets,https://assets.woolworths.com.au/images/1005/329036.jpg?impolicy=wowsmkqiema&w=260&h=260,$5.30,$10.60 / 100EA,,, Add to cart , Save to list 
Queen Organic Vanilla Essence 100ml,https://www.woolworths.com.au/shop/productdetails/37420/queen-organic-vanilla-essence,https://assets.woolworths.com.au/images/1005/37420.jpg?impolicy=wowsmkqiema&w=260&h=260,$7.00,$0.70 / 10ML,,, Add to cart , Save to list 
Wattie's Baked Beans In Tomato Sauce 420g,https://www.woolworths.com.au/shop/productdetails/629206/wattie-s-baked-beans-in-tomato-sauce-in-tomato-sauce,https://assets.woolworths.com.au/images/1005/629206.jpg?impolicy=wowsmkqiema&w=260&h=260,$2.20,$0.52 / 100G,5.0,1, Add to cart , Save to list 
Woolworths Paprika Ground 30g,https://www.woolworths.com.au/shop/productdetails/251130/woolworths-paprika-ground,https://assets.woolworths.com.au/images/1005/251130.jpg?impolicy=wowsmkqiema&w=260&h=260,$1.60,$0.53 / 10G,4.6,699, Add to cart , Save to list 
Always Fresh Traditional Sauerkraut 460g,https://www.woolworths.com.au/shop/productdetails/465135/always-fresh-traditional-sauerkraut,https://assets.woolworths.com.au/images/1005/465135.jpg?impolicy=wowsmkqiema&w=260&h=260,$3.00,$6.52 / 1KG,,, Add to cart , Save to list 
Ayam Light Soy Sauce 210ml,https://www.woolworths.com.au/shop/productdetails/627500/ayam-light-soy-sauce,https://assets.woolworths.com.au/images/1005/627500.jpg?impolicy=wowsmkqiema&w=260&h=260,$3.50,$1.67 / 100ML,,, Add to cart , Save to list 
Spc Spaghetti Tomato & Cheese Sauce 220g X 4 Pack,https://www.woolworths.com.au/shop/productdetails/49315/spc-spaghetti-tomato-cheese-sauce,https://assets.woolworths.com.au/images/1005/49315.jpg?impolicy=wowsmkqiema&w=260&h=260,$5.00,$0.57 / 100G,,, Add to cart , Save to list 
Sa Gourmet Food Co Condensed Tomato Soup 500g,https://www.woolworths.com.au/shop/productdetails/142004/sa-gourmet-food-co-condensed-tomato-soup,https://assets.woolworths.com.au/images/1005/142004.jpg?impolicy=wowsmkqiema&w=260&h=260,$2.00,$0.40 / 100G,,, Add to cart , Save to list 
Cottee's Thick 'n' Rich Chocolate Sauce Ice Cream Topping 615g,https://www.woolworths.com.au/shop/productdetails/765711/cottees-thick-n-rich-chocolate-sauce-ice-cream-topping,https://assets.woolworths.com.au/images/1005/765711.jpg?impolicy=wowsmkqiema&w=260&h=260,$3.80,$0.62 / 100G,,, Add to cart , Save to list 
La Gina Peeled Tomatoes 400g,https://www.woolworths.com.au/shop/productdetails/808422/la-gina-peeled-tomatoes,https://assets.woolworths.com.au/images/1005/808422.jpg?impolicy=wowsmkqiema&w=260&h=260,$1.80,$0.45 / 100G,,, Add to cart , Save to list 
Uncle Tobys Shredded Wheat Breakfast Cereal 270g,https://www.woolworths.com.au/shop/productdetails/201809/uncle-tobys-shredded-wheat-breakfast-cereal,https://assets.woolworths.com.au/images/1005/201809.jpg?impolicy=wowsmkqiema&w=260&h=260,$6.50,$2.41 / 100G,,, Add to cart , Save to list 
Campbell's Chunky Soup Roast Chicken & Vegetable 505g,https://www.woolworths.com.au/shop/productdetails/245581/campbell-s-chunky-soup-roast-chicken-vegetable,https://assets.woolworths.com.au/images/1005/245581.jpg?impolicy=wowsmkqiema&w=260&h=260,$4.20,$0.83 / 100G,,, Add to cart , Save to list 
Sanitarium Up&go Protein Energize Choc 250ml X12 Pack,https://www.woolworths.com.au/shop/productdetails/768911/sanitarium-up-go-protein-energize-choc,https://assets.woolworths.com.au/images/1005/768911.jpg?impolicy=wowsmkqiema&w=260&h=260,$15.80,$5.27 / 1L,,, Add to cart , Save to list 
Trident Instant Soup Thai Chicken With Noodles 50g,https://www.woolworths.com.au/shop/productdetails/91920/trident-instant-soup-thai-chicken-with-noodles,https://assets.woolworths.com.au/images/1005/91920.jpg?impolicy=wowsmkqiema&w=260&h=260,$1.10,$2.20 / 100G,,, Add to cart , Save to list 
Simson's Pantry Authentic Roti Garlic 6 Pack,https://www.woolworths.com.au/shop/productdetails/157595/simson-s-pantry-authentic-roti-garlic,https://assets.woolworths.com.au/images/1005/157595.jpg?impolicy=wowsmkqiema&w=260&h=260,$3.50,$1.30 / 100G,,, Add to cart , Save to list 
Tilda Microwave Coco Chilli & Lemongrass Rice 250g,https://www.woolworths.com.au/shop/productdetails/271569/tilda-microwave-coco-chilli-lemongrass-rice,https://assets.woolworths.com.au/images/1005/271569.jpg?impolicy=wowsmkqiema&w=260&h=260,$3.00,$1.20 / 100G,,, Add to cart , Save to list 
Sanitarium So Good Long Life Unsweetened Almond Milk 1l,https://www.woolworths.com.au/shop/productdetails/744490/sanitarium-so-good-long-life-unsweetened-almond-milk,https://assets.woolworths.com.au/images/1005/744490.jpg?impolicy=wowsmkqiema&w=260&h=260,$2.90,$2.90 / 1L,,, Add to cart , Save to list 
Continental Soup Sensations Farmhouse Potato & Leek Serves 2 60g,https://www.woolworths.com.au/shop/productdetails/82417/continental-soup-sensations-farmhouse-potato-leek-serves-2,https://assets.woolworths.com.au/images/1005/82417.jpg?impolicy=wowsmkqiema&w=260&h=260,$3.50,$5.83 / 100G,,, Add to cart , Save to list 
Saxa Natural Sea Salt Flakes 200g,https://www.woolworths.com.au/shop/productdetails/355469/saxa-natural-sea-salt-flakes-flakes,https://assets.woolworths.com.au/images/1005/355469.jpg?impolicy=wowsmkqiema&w=260&h=260,$9.50,$0.48 / 10G,,, Add to cart , Save to list 
Old El Paso Mexican Sweet Paprika Taco Kit 290g,https://www.woolworths.com.au/shop/productdetails/93453/old-el-paso-mexican-sweet-paprika-taco-kit,https://assets.woolworths.com.au/images/1005/93453.jpg?impolicy=wowsmkqiema&w=260&h=260,$5.25,$1.81 / 100G,,, Add to cart , Save to list 
Safcol Salmon Smoked 95g,https://www.woolworths.com.au/shop/productdetails/252246/safcol-salmon-smoked,https://assets.woolworths.com.au/images/1005/252246.jpg?impolicy=wowsmkqiema&w=260&h=260,$2.00,$21.05 / 1KG,,, Add to cart , Save to list 
John West Sardines Lemon Garlic & Chilli 110g,https://www.woolworths.com.au/shop/productdetails/549096/john-west-sardines-lemon-garlic-chilli,https://assets.woolworths.com.au/images/1005/549096.jpg?impolicy=wowsmkqiema&w=260&h=260,$3.00,$27.27 / 1KG,,, Add to cart , Save to list 
Woolworths Green Basil Bunch,https://www.woolworths.com.au/shop/productdetails/133621/woolworths-green-basil,https://assets.woolworths.com.au/images/1005/133621.jpg?impolicy=wowsmkqiema&w=260&h=260,$3.20,$3.20 / 1EA,4.3,162, Add to cart , Save to list 
Woolworths Salsa Chunky Medium 375g,https://www.woolworths.com.au/shop/productdetails/780921/woolworths-salsa-chunky-medium,https://assets.woolworths.com.au/images/1005/780921.jpg?impolicy=wowsmkqiema&w=260&h=260,$3.50,$0.93 / 100G,4.2,660, Add to cart , Save to list 
Ben's Original Brown Mexican Style Microwave Rice Pouch 250g,https://www.woolworths.com.au/shop/productdetails/727257/ben-s-original-brown-mexican-style-microwave-rice-pouch,https://assets.woolworths.com.au/images/1005/727257.jpg?impolicy=wowsmkqiema&w=260&h=260,$3.00,$1.20 / 100G,,, Add to cart , Save to list 
Campbell's Chunky Soup Irish Stew Style 505g,https://www.woolworths.com.au/shop/productdetails/247332/campbell-s-chunky-soup-irish-stew-style,https://assets.woolworths.com.au/images/1005/247332.jpg?impolicy=wowsmkqiema&w=260&h=260,$4.20,$0.83 / 100G,,, Add to cart , Save to list 
Masterfoods Teriyaki Chicken Stir Fry Recipe Base 175g,https://www.woolworths.com.au/shop/productdetails/182267/masterfoods-teriyaki-chicken-stir-fry-recipe-base,https://assets.woolworths.com.au/images/1005/182267.jpg?impolicy=wowsmkqiema&w=260&h=260,$2.80,$1.60 / 100G,,, Add to cart , Save to list 
Queen Organic Vanilla Bean Paste 140g,https://www.woolworths.com.au/shop/productdetails/786237/queen-organic-vanilla-bean-paste,https://assets.woolworths.com.au/images/1005/786237.jpg?impolicy=wowsmkqiema&w=260&h=260,$14.60,$10.43 / 100G,5.0,1, Add to cart , Save to list 
Old El Paso Stand 'n Stuff Taco Shells 10 Pack 160g,https://www.woolworths.com.au/shop/productdetails/514871/old-el-paso-stand-n-stuff-taco-shells,https://assets.woolworths.com.au/images/1005/514871.jpg?impolicy=wowsmkqiema&w=260&h=260,,,,,, Save to list 
Macro Organic Wholemeal Spirals 500g,https://www.woolworths.com.au/shop/productdetails/68346/macro-organic-wholemeal-spirals,https://assets.woolworths.com.au/images/1005/68346.jpg?impolicy=wowsmkqiema&w=260&h=260,$2.00,$0.40 / 100G,4.3,536, Add to cart , Save to list 
Tilda Microwave Steamed Brown Basmati Rice 250g,https://www.woolworths.com.au/shop/productdetails/271568/tilda-microwave-steamed-brown-basmati-rice,https://assets.woolworths.com.au/images/1005/271568.jpg?impolicy=wowsmkqiema&w=260&h=260,$3.50,$1.40 / 100G,,, Add to cart , Save to list 
Woolworths Minced Garlic 250g,https://www.woolworths.com.au/shop/productdetails/77384/woolworths-minced-garlic,https://assets.woolworths.com.au/images/1005/77384.jpg?impolicy=wowsmkqiema&w=260&h=260,$1.25,$0.05 / 10G,4.6,1447, Add to cart , Save to list 
Amoy Sauce Light Soy 500ml,https://www.woolworths.com.au/shop/productdetails/744053/amoy-sauce-light-soy,https://assets.woolworths.com.au/images/1005/744053.jpg?impolicy=wowsmkqiema&w=260&h=260,$3.20,$0.64 / 100ML,,, Add to cart , Save to list 
Macro Natural Semolina Flour 925g,https://www.woolworths.com.au/shop/productdetails/235131/macro-natural-semolina-flour,https://assets.woolworths.com.au/images/1005/235131.jpg?impolicy=wowsmkqiema&w=260&h=260,$4.75,$5.14 / 1KG,4.4,689, Add to cart , Save to list 
Woolworths Australian White Medium Grain Rice 1kg,https://www.woolworths.com.au/shop/productdetails/827615/woolworths-australian-white-medium-grain-rice,https://assets.woolworths.com.au/images/1005/827615.jpg?impolicy=wowsmkqiema&w=260&h=260,$3.00,$0.30 / 100G,,, Add to cart , Save to list 
Twinings Australian Afternoon Tea Bags 100 Pack,https://www.woolworths.com.au/shop/productdetails/714457/twinings-australian-afternoon-tea-bags-tea-bags,https://assets.woolworths.com.au/images/1005/714457.jpg?impolicy=wowsmkqiema&w=260&h=260,$6.75,$0.07 / 1EA,,, Add to cart , Save to list 
Edgell Corn Kernels Whole 420g,https://www.woolworths.com.au/shop/productdetails/34437/edgell-corn-kernels-whole,https://assets.woolworths.com.au/images/1005/34437.jpg?impolicy=wowsmkqiema&w=260&h=260,$1.90,$4.52 / 1KG,,, Add to cart , Save to list 
Suimin Hot & Spicy Noodle Cup 70g,https://www.woolworths.com.au/shop/productdetails/253673/suimin-hot-spicy-noodle-cup,https://assets.woolworths.com.au/images/1005/253673.jpg?impolicy=wowsmkqiema&w=260&h=260,$1.50,$2.14 / 100G,,, Add to cart , Save to list 
Woolworths Lemon Thyme Fresh Herb Punnet 10g,https://www.woolworths.com.au/shop/productdetails/707366/woolworths-lemon-thyme-fresh-herb-punnet,https://assets.woolworths.com.au/images/1005/707366.jpg?impolicy=wowsmkqiema&w=260&h=260,,,,,, Save to list 
Masterfoods Recipe Base Curried Sausages 175g,https://www.woolworths.com.au/shop/productdetails/186446/masterfoods-recipe-base-curried-sausages,https://assets.woolworths.com.au/images/1005/186446.jpg?impolicy=wowsmkqiema&w=260&h=260,$2.80,$1.60 / 100G,,, Add to cart , Save to list 
Sa Gourmet Food Co Creamy Chicken & Sweet Corn Soup 430g,https://www.woolworths.com.au/shop/productdetails/83611/sa-gourmet-food-co-creamy-chicken-sweet-corn-soup,https://assets.woolworths.com.au/images/1005/83611.jpg?impolicy=wowsmkqiema&w=260&h=260,$3.00,$0.70 / 100G,,, Add to cart , Save to list 
Lion Tapioca Pearls 375g,https://www.woolworths.com.au/shop/productdetails/33185/lion-tapioca-pearls,https://assets.woolworths.com.au/images/1005/33185.jpg?impolicy=wowsmkqiema&w=260&h=260,$3.90,$1.04 / 100G,,, Add to cart , Save to list 
Starbucks By Nespresso Espresso Roast Coffee Pods 10 Pack,https://www.woolworths.com.au/shop/productdetails/59704/starbucks-by-nespresso-espresso-roast-coffee-pods,https://assets.woolworths.com.au/images/1005/59704.jpg?impolicy=wowsmkqiema&w=260&h=260,$7.90,$0.79 / 1EA,,, Add to cart , Save to list 
Continental Soup Sensations Harvest Pumpkin & Sour Cream Serves 2 70g,https://www.woolworths.com.au/shop/productdetails/82418/continental-soup-sensations-harvest-pumpkin-sour-cream-serves-2,https://assets.woolworths.com.au/images/1005/82418.jpg?impolicy=wowsmkqiema&w=260&h=260,$3.50,$5.00 / 100G,,, Add to cart , Save to list 
Mission Yellow Corn Tortilla Strips 230g,https://www.woolworths.com.au/shop/productdetails/680480/mission-yellow-corn-tortilla-strips,https://assets.woolworths.com.au/images/1005/680480.jpg?impolicy=wowsmkqiema&w=260&h=260,$4.00,$1.74 / 100G,,, Add to cart , Save to list 
Mutti Parma Organic Peeled Tomatoes 400g,https://www.woolworths.com.au/shop/productdetails/134337/mutti-parma-organic-peeled-tomatoes,https://assets.woolworths.com.au/images/1005/134337.jpg?impolicy=wowsmkqiema&w=260&h=260,$2.40,$6.00 / 1KG,,, Add to cart , Save to list 
Wokka Udon Noodles 440g,https://www.woolworths.com.au/shop/productdetails/622972/wokka-udon-noodles,https://assets.woolworths.com.au/images/1005/622972.jpg?impolicy=wowsmkqiema&w=260&h=260,$2.70,$0.61 / 100G,,, Add to cart , Save to list 
Woolworths Yellowfin Tuna In Springwater 95g,https://www.woolworths.com.au/shop/productdetails/941583/woolworths-yellowfin-tuna-in-springwater,https://assets.woolworths.com.au/images/1005/941583.jpg?impolicy=wowsmkqiema&w=260&h=260,$1.30,$13.68 / 1KG,4.3,391, Add to cart , Save to list 
Cornwell's Vinegar Malt 750ml,https://www.woolworths.com.au/shop/productdetails/16927/cornwell-s-vinegar-malt,https://assets.woolworths.com.au/images/1005/16927.jpg?impolicy=wowsmkqiema&w=260&h=260,$3.10,$0.41 / 100ML,,, Add to cart , Save to list 
Woolworths Lemon Juice 500ml,https://www.woolworths.com.au/shop/productdetails/720424/woolworths-lemon-juice,https://assets.woolworths.com.au/images/1005/720424.jpg?impolicy=wowsmkqiema&w=260&h=260,$1.65,$0.33 / 100ML,4.4,637, Add to cart , Save to list 
Woolworths 100% Canadian Maple Syrup 250ml,https://www.woolworths.com.au/shop/productdetails/298476/woolworths-100-canadian-maple-syrup,https://assets.woolworths.com.au/images/1005/298476.jpg?impolicy=wowsmkqiema&w=260&h=260,$6.60,$2.64 / 100ML,4.7,458, Add to cart , Save to list 
Devondale Semi Skim Long Life Milk 1l,https://www.woolworths.com.au/shop/productdetails/230367/devondale-semi-skim-long-life-milk,https://assets.woolworths.com.au/images/1005/230367.jpg?impolicy=wowsmkqiema&w=260&h=260,$2.20,$2.20 / 1L,,, Add to cart , Save to list 
Sunrice Brown Rice Calrose Medium Grain 1kg,https://www.woolworths.com.au/shop/productdetails/94536/sunrice-brown-rice-calrose-medium-grain,https://assets.woolworths.com.au/images/1005/94536.jpg?impolicy=wowsmkqiema&w=260&h=260,$3.19,$0.32 / 100G,,, Add to cart , Save to list 
Continental Classics Rice Oriental Serves 2 115g,https://www.woolworths.com.au/shop/productdetails/62965/continental-classics-rice-oriental-serves-2,https://assets.woolworths.com.au/images/1005/62965.jpg?impolicy=wowsmkqiema&w=260&h=260,$2.80,$2.43 / 100G,,, Add to cart , Save to list 
Edgell Corn Kernels 125g,https://www.woolworths.com.au/shop/productdetails/114170/edgell-corn-kernels,https://assets.woolworths.com.au/images/1005/114170.jpg?impolicy=wowsmkqiema&w=260&h=260,$1.40,$11.20 / 1KG,,, Add to cart , Save to list 
Continental Recipe Base Creamy Tuna Mornay 30g,https://www.woolworths.com.au/shop/productdetails/113305/continental-recipe-base-creamy-tuna-mornay,https://assets.woolworths.com.au/images/1005/113305.jpg?impolicy=wowsmkqiema&w=260&h=260,$1.80,$6.00 / 100G,,, Add to cart , Save to list 
Oxo Chicken Stock Cubes 71g,https://www.woolworths.com.au/shop/productdetails/32714/oxo-chicken-stock-cubes,https://assets.woolworths.com.au/images/1005/32714.jpg?impolicy=wowsmkqiema&w=260&h=260,$2.30,$0.32 / 10G,5.0,1, Add to cart , Save to list 
Heinz Classic Pea & Ham Soup Canned Soup Ready Meals 535g,https://www.woolworths.com.au/shop/productdetails/167602/heinz-classic-pea-ham-soup-canned-soup-ready-meals,https://assets.woolworths.com.au/images/1005/167602.jpg?impolicy=wowsmkqiema&w=260&h=260,$3.50,$0.65 / 100G,,, Add to cart , Save to list 
Woolworths Tuna & Crackers Snack Pack Thousand Island 112g,https://www.woolworths.com.au/shop/productdetails/87017/woolworths-tuna-crackers-snack-pack-thousand-island,https://assets.woolworths.com.au/images/1005/87017.jpg?impolicy=wowsmkqiema&w=260&h=260,$2.10,$18.75 / 1KG,3.9,1303, Add to cart , Save to list 
Sacla Pasta Sauce Basil Cherry Tomato 420g,https://www.woolworths.com.au/shop/productdetails/258381/sacla-pasta-sauce-basil-cherry-tomato,https://assets.woolworths.com.au/images/1005/258381.jpg?impolicy=wowsmkqiema&w=260&h=260,$5.00,$1.19 / 100G,,, Add to cart , Save to list 
Vetta Smart Protein Spirals Pasta 375g,https://www.woolworths.com.au/shop/productdetails/117547/vetta-smart-protein-spirals-pasta,https://assets.woolworths.com.au/images/1005/117547.jpg?impolicy=wowsmkqiema&w=260&h=260,,,,,, Save to list 
Woolworths Red Salmon 210g,https://www.woolworths.com.au/shop/productdetails/220699/woolworths-red-salmon,https://assets.woolworths.com.au/images/1005/220699.jpg?impolicy=wowsmkqiema&w=260&h=260,$6.00,$28.57 / 1KG,4.0,235, Add to cart , Save to list 
Continental Soup Sensations Cheesy Broccoli & Potato Serves 2 56g,https://www.woolworths.com.au/shop/productdetails/82711/continental-soup-sensations-cheesy-broccoli-potato-serves-2,https://assets.woolworths.com.au/images/1005/82711.jpg?impolicy=wowsmkqiema&w=260&h=260,$3.50,$6.25 / 100G,,, Add to cart , Save to list 
Mingle Taco Mexican Fiesta Spice Blend 30g,https://www.woolworths.com.au/shop/productdetails/68721/mingle-taco-mexican-fiesta-spice-blend,https://assets.woolworths.com.au/images/1005/68721.jpg?impolicy=wowsmkqiema&w=260&h=260,$2.60,$0.87 / 10G,,, Add to cart , Save to list 
Ben's Original Coconut Chilli & Lemongrass Microwave Rice 250g,https://www.woolworths.com.au/shop/productdetails/176829/ben-s-original-coconut-chilli-lemongrass-microwave-rice,https://assets.woolworths.com.au/images/1005/176829.jpg?impolicy=wowsmkqiema&w=260&h=260,$3.00,$1.20 / 100G,,, Add to cart , Save to list 
Leggo's Stir Through Sauce Roasted Vegetables 350g,https://www.woolworths.com.au/shop/productdetails/30515/leggo-s-stir-through-sauce-roasted-vegetables,https://assets.woolworths.com.au/images/1005/30515.jpg?impolicy=wowsmkqiema&w=260&h=260,$5.30,$1.51 / 100G,,, Add to cart , Save to list 
John West Protein+ Iron Tuna Bowl With Roasted Capsicum & Beans 170g,https://www.woolworths.com.au/shop/productdetails/167165/john-west-protein-iron-tuna-bowl-with-roasted-capsicum-beans,https://assets.woolworths.com.au/images/1005/167165.jpg?impolicy=wowsmkqiema&w=260&h=260,$3.50,$20.59 / 1KG,,, Add to cart , Save to list 
John West Tuna With Roast Capsicum & 3 Beans 185g,https://www.woolworths.com.au/shop/productdetails/319476/john-west-tuna-with-roast-capsicum-3-beans,https://assets.woolworths.com.au/images/1005/319476.jpg?impolicy=wowsmkqiema&w=260&h=260,$3.50,$18.92 / 1KG,,, Add to cart , Save to list 
Old El Paso Gluten Free Tortilla 216g,https://www.woolworths.com.au/shop/productdetails/680471/old-el-paso-gluten-free-tortilla,https://assets.woolworths.com.au/images/1005/680471.jpg?impolicy=wowsmkqiema&w=260&h=260,$4.50,$2.08 / 100G,,, Add to cart , Save to list 
Woolworths Salmon Lemon & Thyme 95g,https://www.woolworths.com.au/shop/productdetails/674638/woolworths-salmon-lemon-thyme,https://assets.woolworths.com.au/images/1005/674638.jpg?impolicy=wowsmkqiema&w=260&h=260,$1.40,$14.74 / 1KG,3.9,420, Add to cart , Save to list 
John West Wild Caught Salmon In Springwater 200g,https://www.woolworths.com.au/shop/productdetails/235515/john-west-wild-caught-salmon-in-springwater,https://assets.woolworths.com.au/images/1005/235515.jpg?impolicy=wowsmkqiema&w=260&h=260,$4.70,$23.50 / 1KG,,, Add to cart , Save to list 
Woolworths Pasta Fettuccine 500g,https://www.woolworths.com.au/shop/productdetails/346835/woolworths-pasta-fettuccine,https://assets.woolworths.com.au/images/1005/346835.jpg?impolicy=wowsmkqiema&w=260&h=260,$1.00,$0.20 / 100G,,, Add to cart , Save to list 
Massel 7's Chicken Cubes Gluten Free 35g,https://www.woolworths.com.au/shop/productdetails/794766/massel-7-s-chicken-cubes-gluten-free,https://assets.woolworths.com.au/images/1005/794766.jpg?impolicy=wowsmkqiema&w=260&h=260,$1.00,$0.29 / 10G,5.0,1, Add to cart , Save to list 
Twinings English Breakfast Extra Strong Tea Bags 10 Pack,https://www.woolworths.com.au/shop/productdetails/829549/twinings-english-breakfast-extra-strong-tea-bags,https://assets.woolworths.com.au/images/1005/829549.jpg?impolicy=wowsmkqiema&w=260&h=260,$2.00,$0.20 / 1EA,,, Add to cart , Save to list 
Campbell's Real Stock Chicken Liquid Stock 250ml,https://www.woolworths.com.au/shop/productdetails/749870/campbell-s-real-stock-chicken-liquid-stock,https://assets.woolworths.com.au/images/1005/749870.jpg?impolicy=wowsmkqiema&w=260&h=260,$1.80,$0.72 / 100ML,,, Add to cart , Save to list 
Essentials Brown Vinegar 1l,https://www.woolworths.com.au/shop/productdetails/30322/essentials-brown-vinegar,https://assets.woolworths.com.au/images/1005/30322.jpg?impolicy=wowsmkqiema&w=260&h=260,$1.50,$0.15 / 100ML,4.4,439, Add to cart , Save to list 
Oxo Beef Stock Cubes 71g,https://www.woolworths.com.au/shop/productdetails/32465/oxo-beef-stock-cubes,https://assets.woolworths.com.au/images/1005/32465.jpg?impolicy=wowsmkqiema&w=260&h=260,$2.30,$0.32 / 10G,,, Add to cart , Save to list 
Heinz Classic Potato & Leek Soup Canned Vegetable Soup 535g,https://www.woolworths.com.au/shop/productdetails/856165/heinz-classic-potato-leek-soup-canned-vegetable-soup,https://assets.woolworths.com.au/images/1005/856165.jpg?impolicy=wowsmkqiema&w=260&h=260,$3.50,$0.65 / 100G,,, Add to cart , Save to list 
Vetta Smart Fibre Veg Twists Spirals Pasta 375g,https://www.woolworths.com.au/shop/productdetails/94141/vetta-smart-fibre-veg-twists-spirals-pasta,https://assets.woolworths.com.au/images/1005/94141.jpg?impolicy=wowsmkqiema&w=260&h=260,$2.35,$0.63 / 100G,,, Add to cart , Save to list 
Hershey's Strawberry Syrup 623g,https://www.woolworths.com.au/shop/productdetails/948512/hersheys-strawberry-syrup,https://assets.woolworths.com.au/images/1005/948512.jpg?impolicy=wowsmkqiema&w=260&h=260,$5.00,$0.80 / 100G,,, Add to cart , Save to list 
Mr Chen's Udon Noodles 400g,https://www.woolworths.com.au/shop/productdetails/122268/mr-chen-s-udon-noodles,https://assets.woolworths.com.au/images/1005/122268.jpg?impolicy=wowsmkqiema&w=260&h=260,$1.85,$0.46 / 100G,,, Add to cart , Save to list 
Dolmio Traditional Recipe Classic Tomato Pasta Sauce 500g,https://www.woolworths.com.au/shop/productdetails/758444/dolmio-traditional-recipe-classic-tomato-pasta-sauce,https://assets.woolworths.com.au/images/1005/758444.jpg?impolicy=wowsmkqiema&w=260&h=260,$2.50,$0.50 / 100G,,, Add to cart , Save to list 
Sanitarium Weet-bix Blends Cranberry & Coconut Breakfast Cereal 450g,https://www.woolworths.com.au/shop/productdetails/430466/sanitarium-weet-bix-blends-cranberry-coconut-breakfast-cereal,https://assets.woolworths.com.au/images/1005/430466.jpg?impolicy=wowsmkqiema&w=260&h=260,$4.50,$1.00 / 100G,,, Add to cart , Save to list 
Vitasoy Oat Milky Uht Milk 1l,https://www.woolworths.com.au/shop/productdetails/148781/vitasoy-oat-milky-uht-milk,https://assets.woolworths.com.au/images/1005/148781.jpg?impolicy=wowsmkqiema&w=260&h=260,$3.00,$3.00 / 1L,,, Add to cart , Save to list 
Macro Organic Chickpeas 425g,https://www.woolworths.com.au/shop/productdetails/700638/macro-organic-chickpeas,https://assets.woolworths.com.au/images/1005/700638.jpg?impolicy=wowsmkqiema&w=260&h=260,$1.50,$0.35 / 100G,,, Add to cart , Save to list 
Annalisa Diced Tomatoes Basil & Oregano 400g,https://www.woolworths.com.au/shop/productdetails/517467/annalisa-diced-tomatoes-basil-oregano,https://assets.woolworths.com.au/images/1005/517467.jpg?impolicy=wowsmkqiema&w=260&h=260,$1.80,$4.50 / 1KG,,, Add to cart , Save to list 
Continental Soup Sensations Garden Cauliflower & Four Cheese 31g X 2 Pack,https://www.woolworths.com.au/shop/productdetails/80788/continental-soup-sensations-garden-cauliflower-four-cheese,https://assets.woolworths.com.au/images/1005/80788.jpg?impolicy=wowsmkqiema&w=260&h=260,$3.50,$5.65 / 100G,,, Add to cart , Save to list 
Dolmio Extra Garden Vegetables Tomato Pasta Sauce 500g,https://www.woolworths.com.au/shop/productdetails/758313/dolmio-extra-garden-vegetables-tomato-pasta-sauce,https://assets.woolworths.com.au/images/1005/758313.jpg?impolicy=wowsmkqiema&w=260&h=260,$3.10,$0.62 / 100G,,, Add to cart , Save to list 
Leggos Stir Through Tomato Garlic & Caramelised Onion 350g,https://www.woolworths.com.au/shop/productdetails/957033/leggos-stir-through-tomato-garlic-caramelised-onion,https://assets.woolworths.com.au/images/1005/957033.jpg?impolicy=wowsmkqiema&w=260&h=260,$5.30,$1.51 / 100G,,, Add to cart , Save to list 
Pureharvest Organic Oat Milk 1l,https://www.woolworths.com.au/shop/productdetails/86298/pureharvest-organic-oat-milk,https://assets.woolworths.com.au/images/1005/86298.jpg?impolicy=wowsmkqiema&w=260&h=260,$2.80,$2.80 / 1L,,, Add to cart , Save to list 
Woolworths Tuna Mayo & Corn With Crackers 112g,https://www.woolworths.com.au/shop/productdetails/672828/woolworths-tuna-mayo-corn-with-crackers,https://assets.woolworths.com.au/images/1005/672828.jpg?impolicy=wowsmkqiema&w=260&h=260,$2.10,$18.75 / 1KG,3.6,299, Add to cart , Save to list 
Sunrice Jasmine 2kg,https://www.woolworths.com.au/shop/productdetails/109277/sunrice-jasmine,https://assets.woolworths.com.au/images/1005/109277.jpg?impolicy=wowsmkqiema&w=260&h=260,$7.90,$0.40 / 100G,,, Add to cart , Save to list 
Golden Circle Canned Vegetables Sliced Beetroot Cans 450g,https://www.woolworths.com.au/shop/productdetails/34142/golden-circle-canned-vegetables-sliced-beetroot-cans,https://assets.woolworths.com.au/images/1005/34142.jpg?impolicy=wowsmkqiema&w=260&h=260,$2.00,$4.44 / 1KG,,, Add to cart , Save to list 
Masterfoods Pure Saffron 250mg,https://www.woolworths.com.au/shop/productdetails/170748/masterfoods-pure-saffron,https://assets.woolworths.com.au/images/1005/170748.jpg?impolicy=wowsmkqiema&w=260&h=260,$14.90,$596.00 / 10G,,, Add to cart , Save to list 
Ben's Original Tomato & Basil Microwave Rice Pouch 250g,https://www.woolworths.com.au/shop/productdetails/261734/ben-s-original-tomato-basil-microwave-rice-pouch,https://assets.woolworths.com.au/images/1005/261734.jpg?impolicy=wowsmkqiema&w=260&h=260,$3.00,$1.20 / 100G,,, Add to cart , Save to list 
Vegemite Cheesy Bite Spread 270g,https://www.woolworths.com.au/shop/productdetails/333060/vegemite-cheesy-bite-spread,https://assets.woolworths.com.au/images/1005/333060.jpg?impolicy=wowsmkqiema&w=260&h=260,$5.15,$1.91 / 100G,1.0,1, Add to cart , Save to list 
Dolmio Extra Red Wine & Italian Herbs Tomato Pasta Sauce 500g,https://www.woolworths.com.au/shop/productdetails/758288/dolmio-extra-red-wine-italian-herbs-tomato-pasta-sauce,https://assets.woolworths.com.au/images/1005/758288.jpg?impolicy=wowsmkqiema&w=260&h=260,$3.10,$0.62 / 100G,,, Add to cart , Save to list 
Slendier Edamame Bean Fettuccine 200g,https://www.woolworths.com.au/shop/productdetails/147932/slendier-edamame-bean-fettuccine,https://assets.woolworths.com.au/images/1005/147932.jpg?impolicy=wowsmkqiema&w=260&h=260,$4.00,$2.00 / 100G,,, Add to cart , Save to list 
Csr Icing Sugar Pure 500g,https://www.woolworths.com.au/shop/productdetails/71487/csr-icing-sugar-pure,https://assets.woolworths.com.au/images/1005/71487.jpg?impolicy=wowsmkqiema&w=260&h=260,$2.20,$0.44 / 100G,,, Add to cart , Save to list 
Kan Tong Stir Fry Sauce Sweet & Sour 515g,https://www.woolworths.com.au/shop/productdetails/758384/kan-tong-stir-fry-sauce-sweet-sour,https://assets.woolworths.com.au/images/1005/758384.jpg?impolicy=wowsmkqiema&w=260&h=260,$4.00,$0.78 / 100G,,, Add to cart , Save to list 
Robert Timms Premium Espresso Granulated Coffee 200g,https://www.woolworths.com.au/shop/productdetails/313153/robert-timms-premium-espresso-granulated-coffee,https://assets.woolworths.com.au/images/1005/313153.jpg?impolicy=wowsmkqiema&w=260&h=260,$10.70,$5.35 / 100G,,, Add to cart , Save to list 
Lee Kum Kee Sauce Soy Salt Reduced 150ml,https://www.woolworths.com.au/shop/productdetails/258585/lee-kum-kee-sauce-soy-salt-reduced,https://assets.woolworths.com.au/images/1005/258585.jpg?impolicy=wowsmkqiema&w=260&h=260,$1.60,$1.07 / 100ML,,, Add to cart , Save to list 
Safcol Salmon Mild Red Chilli 95g,https://www.woolworths.com.au/shop/productdetails/319474/safcol-salmon-mild-red-chilli,https://assets.woolworths.com.au/images/1005/319474.jpg?impolicy=wowsmkqiema&w=260&h=260,$2.00,$21.05 / 1KG,,, Add to cart , Save to list 
Campbell's Real Stock Chicken Salt Reduced Liquid Stock 1l,https://www.woolworths.com.au/shop/productdetails/144283/campbell-s-real-stock-chicken-salt-reduced-liquid-stock,https://assets.woolworths.com.au/images/1005/144283.jpg?impolicy=wowsmkqiema&w=260&h=260,$3.50,$0.35 / 100ML,,, Add to cart , Save to list 
Starbucks By Nespresso Blonde Espresso Roast Coffee Pods 10 Pack,https://www.woolworths.com.au/shop/productdetails/59352/starbucks-by-nespresso-blonde-espresso-roast-coffee-pods,https://assets.woolworths.com.au/images/1005/59352.jpg?impolicy=wowsmkqiema&w=260&h=260,$7.90,$0.79 / 1EA,,, Add to cart , Save to list 
Zafarelli Penne Rigati Pasta No 18 500g,https://www.woolworths.com.au/shop/productdetails/9010/zafarelli-penne-rigati-pasta-no-18,https://assets.woolworths.com.au/images/1005/9010.jpg?impolicy=wowsmkqiema&w=260&h=260,$1.85,$0.37 / 100G,,, Add to cart , Save to list 
Tandaco Coating Mix Bread Crumbs For Southern Fried Chicken 75g,https://www.woolworths.com.au/shop/productdetails/15388/tandaco-coating-mix-bread-crumbs-for-southern-fried-chicken,https://assets.woolworths.com.au/images/1005/15388.jpg?impolicy=wowsmkqiema&w=260&h=260,$2.30,$0.31 / 10G,,, Add to cart , Save to list 
Fountain Barbecue Bbq Sauce Value Pack 2l,https://www.woolworths.com.au/shop/productdetails/845672/fountain-barbecue-bbq-sauce-value-pack,https://assets.woolworths.com.au/images/1005/845672.jpg?impolicy=wowsmkqiema&w=260&h=260,$3.75,$0.19 / 100ML,,, Add to cart , Save to list 
Mission White Strip Corn Chips 500g,https://www.woolworths.com.au/shop/productdetails/608248/mission-white-strip-corn-chips,https://assets.woolworths.com.au/images/1005/608248.jpg?impolicy=wowsmkqiema&w=260&h=260,$5.60,$1.12 / 100G,,, Add to cart , Save to list 
John West Protein+ Omega-3 Tuna Tomato Salsa With Crackers 94g,https://www.woolworths.com.au/shop/productdetails/236124/john-west-protein-omega-3-tuna-tomato-salsa-with-crackers,https://assets.woolworths.com.au/images/1005/236124.jpg?impolicy=wowsmkqiema&w=260&h=260,$3.00,$31.91 / 1KG,,, Add to cart , Save to list 
Woolworths Lasagne Sheets 250g,https://www.woolworths.com.au/shop/productdetails/700276/woolworths-lasagne-sheets,https://assets.woolworths.com.au/images/1005/700276.jpg?impolicy=wowsmkqiema&w=260&h=260,$2.00,$0.80 / 100G,4.4,566, Add to cart , Save to list 
John West Calcium Rich Tuna Chilli 90g,https://www.woolworths.com.au/shop/productdetails/157597/john-west-calcium-rich-tuna-chilli,https://assets.woolworths.com.au/images/1005/157597.jpg?impolicy=wowsmkqiema&w=260&h=260,$1.75,$19.44 / 1KG,,, Add to cart , Save to list 
Ardmona Rich & Thick Diced Tomatos With Paste Mixed Herbs 410g,https://www.woolworths.com.au/shop/productdetails/732354/ardmona-rich-thick-diced-tomatos-with-paste-mixed-herbs,https://assets.woolworths.com.au/images/1005/732354.jpg?impolicy=wowsmkqiema&w=260&h=260,$2.20,$5.37 / 1KG,,, Add to cart , Save to list 
Masterfoods Tomato Sauce Hidden Veg 500ml,https://www.woolworths.com.au/shop/productdetails/94190/masterfoods-tomato-sauce-hidden-veg,https://assets.woolworths.com.au/images/1005/94190.jpg?impolicy=wowsmkqiema&w=260&h=260,$2.50,$0.50 / 100ML,,, Add to cart , Save to list 
Natvia 100% Natural Sweetener 350g,https://www.woolworths.com.au/shop/productdetails/534207/natvia-100-natural-sweetener,https://assets.woolworths.com.au/images/1005/534207.jpg?impolicy=wowsmkqiema&w=260&h=260,$6.00,$1.71 / 100G,5.0,1, Add to cart , Save to list 
Robert Timms Premium Full-bodied Granulated Coffee 200g,https://www.woolworths.com.au/shop/productdetails/248699/robert-timms-premium-full-bodied-granulated-coffee,https://assets.woolworths.com.au/images/1005/248699.jpg?impolicy=wowsmkqiema&w=260&h=260,$10.70,$5.35 / 100G,,, Add to cart , Save to list 
Sirena Tuna With Beans 185g,https://www.woolworths.com.au/shop/productdetails/302155/sirena-tuna-with-beans,https://assets.woolworths.com.au/images/1005/302155.jpg?impolicy=wowsmkqiema&w=260&h=260,$4.70,$25.41 / 1KG,,, Add to cart , Save to list 
John West Salmon Red 210g,https://www.woolworths.com.au/shop/productdetails/32604/john-west-salmon-red,https://assets.woolworths.com.au/images/1005/32604.jpg?impolicy=wowsmkqiema&w=260&h=260,$9.00,$42.86 / 1KG,,, Add to cart , Save to list 
Masterfoods Barbecue Sauce Reduced Salt & Sugar 475ml,https://www.woolworths.com.au/shop/productdetails/608711/masterfoods-barbecue-sauce-reduced-salt-sugar,https://assets.woolworths.com.au/images/1005/608711.jpg?impolicy=wowsmkqiema&w=260&h=260,$2.50,$0.53 / 100ML,,, Add to cart , Save to list 
Masterfoods Turmeric Ground 28g,https://www.woolworths.com.au/shop/productdetails/33982/masterfoods-turmeric-ground,https://assets.woolworths.com.au/images/1005/33982.jpg?impolicy=wowsmkqiema&w=260&h=260,$2.80,$1.00 / 10G,,, Add to cart , Save to list 
Masterfoods Tuscan Seasoning 155g,https://www.woolworths.com.au/shop/productdetails/249549/masterfoods-tuscan-seasoning,https://assets.woolworths.com.au/images/1005/249549.jpg?impolicy=wowsmkqiema&w=260&h=260,$7.50,$0.48 / 10G,,, Add to cart , Save to list 
Mckenzie's Saffron 100mg,https://www.woolworths.com.au/shop/productdetails/827830/mckenzie-s-saffron,https://assets.woolworths.com.au/images/1005/827830.jpg?impolicy=wowsmkqiema&w=260&h=260,$14.40,"$1,440.00 / 10G",,, Add to cart , Save to list 
Dollar Sweets Sprinkles Fives 125g,https://www.woolworths.com.au/shop/productdetails/33364/dollar-sweets-sprinkles-fives,https://assets.woolworths.com.au/images/1005/33364.jpg?impolicy=wowsmkqiema&w=260&h=260,$2.15,$1.72 / 100G,,, Add to cart , Save to list 
Csr Caster Sugar 500g,https://www.woolworths.com.au/shop/productdetails/33144/csr-caster-sugar,https://assets.woolworths.com.au/images/1005/33144.jpg?impolicy=wowsmkqiema&w=260&h=260,$1.85,$0.37 / 100G,,, Add to cart , Save to list 
Heinz Beanz Baked Beans In Tomato Sauce Multipack 220g X3 Pack,https://www.woolworths.com.au/shop/productdetails/158435/heinz-beanz-baked-beans-in-tomato-sauce-multipack,https://assets.woolworths.com.au/images/1005/158435.jpg?impolicy=wowsmkqiema&w=260&h=260,$4.90,$0.74 / 100G,,, Add to cart , Save to list 
Mutti Passata Tomato Puree 400g,https://www.woolworths.com.au/shop/productdetails/290301/mutti-passata-tomato-puree,https://assets.woolworths.com.au/images/1005/290301.jpg?impolicy=wowsmkqiema&w=260&h=260,$2.95,$0.74 / 100G,,, Add to cart , Save to list 
Sanitarium Weet-bix Hi Bran Breakfast Cereal 750g,https://www.woolworths.com.au/shop/productdetails/201415/sanitarium-weet-bix-hi-bran-breakfast-cereal,https://assets.woolworths.com.au/images/1005/201415.jpg?impolicy=wowsmkqiema&w=260&h=260,$5.00,$0.67 / 100G,3.0,1, Add to cart , Save to list 
Zafarelli Fusilli Pasta No 17 500g,https://www.woolworths.com.au/shop/productdetails/9011/zafarelli-fusilli-pasta-no-17,https://assets.woolworths.com.au/images/1005/9011.jpg?impolicy=wowsmkqiema&w=260&h=260,$1.85,$0.37 / 100G,,, Add to cart , Save to list 
Old El Paso Street Market White Corn Tortillas 10 Pack,https://www.woolworths.com.au/shop/productdetails/169871/old-el-paso-street-market-white-corn-tortillas,https://assets.woolworths.com.au/images/1005/169871.jpg?impolicy=wowsmkqiema&w=260&h=260,$4.50,$2.16 / 100G,,, Add to cart , Save to list 
Sugarine Sweetener Tablets 600 Pack,https://www.woolworths.com.au/shop/productdetails/612562/sugarine-sweetener-tablets,https://assets.woolworths.com.au/images/1005/612562.jpg?impolicy=wowsmkqiema&w=260&h=260,$5.70,$0.01 / 1EA,,, Add to cart , Save to list 
Macro Apple Cider Vinegar 500ml,https://www.woolworths.com.au/shop/productdetails/700632/macro-apple-cider-vinegar,https://assets.woolworths.com.au/images/1005/700632.jpg?impolicy=wowsmkqiema&w=260&h=260,$3.50,$0.70 / 100ML,4.4,633, Add to cart , Save to list 
Ben's Original Lightly Flavour Garlic Microwave Rice Pouch 250g,https://www.woolworths.com.au/shop/productdetails/79980/ben-s-original-lightly-flavour-garlic-microwave-rice-pouch,https://assets.woolworths.com.au/images/1005/79980.jpg?impolicy=wowsmkqiema&w=260&h=260,$3.00,$1.20 / 100G,,, Add to cart , Save to list 
Woolworths Sweetened Condensed Milk 397g,https://www.woolworths.com.au/shop/productdetails/84763/woolworths-sweetened-condensed-milk,https://assets.woolworths.com.au/images/1005/84763.jpg?impolicy=wowsmkqiema&w=260&h=260,$1.50,$0.38 / 100G,4.7,537, Add to cart , Save to list 
Flying Goose Sriracha Mayo 455ml,https://www.woolworths.com.au/shop/productdetails/763735/flying-goose-sriracha-mayo,https://assets.woolworths.com.au/images/1005/763735.jpg?impolicy=wowsmkqiema&w=260&h=260,$8.50,$1.87 / 100ML,,, Add to cart , Save to list 
Spc Spaghetti Tomato & Cheese Salt Reduced 420g,https://www.woolworths.com.au/shop/productdetails/187766/spc-spaghetti-tomato-cheese-salt-reduced,https://assets.woolworths.com.au/images/1005/187766.jpg?impolicy=wowsmkqiema&w=260&h=260,$1.70,$0.40 / 100G,,, Add to cart , Save to list 
Kan Tong Honey Soy Garlic Stir Fry Sauce 500g,https://www.woolworths.com.au/shop/productdetails/421920/kan-tong-honey-soy-garlic-stir-fry-sauce,https://assets.woolworths.com.au/images/1005/421920.jpg?impolicy=wowsmkqiema&w=260&h=260,$4.00,$0.80 / 100G,,, Add to cart , Save to list 
Sunrice Brown Rice Medium Grain 2kg,https://www.woolworths.com.au/shop/productdetails/8254/sunrice-brown-rice-medium-grain,https://assets.woolworths.com.au/images/1005/8254.jpg?impolicy=wowsmkqiema&w=260&h=260,$7.70,$0.39 / 100G,,, Add to cart , Save to list 
"Twinings Asha Sleep Camomile,peppermint Spearmint Lemon Peel Tea Bags 18 Pack",https://www.woolworths.com.au/shop/productdetails/708165/twinings-asha-sleep-camomile-peppermint-spearmint-lemon-peel-tea-bags,https://assets.woolworths.com.au/images/1005/708165.jpg?impolicy=wowsmkqiema&w=260&h=260,$6.50,$0.36 / 1EA,,, Add to cart , Save to list 
Celestial Sleepy Time Herbal Tea Bags 40 Pack,https://www.woolworths.com.au/shop/productdetails/91905/celestial-sleepy-time-herbal-tea-bags,https://assets.woolworths.com.au/images/1005/91905.jpg?impolicy=wowsmkqiema&w=260&h=260,$9.50,$0.24 / 1EA,,, Add to cart , Save to list 
Pandaroo Vermicelli Bean Thread 250g,https://www.woolworths.com.au/shop/productdetails/121530/pandaroo-vermicelli-bean-thread,https://assets.woolworths.com.au/images/1005/121530.jpg?impolicy=wowsmkqiema&w=260&h=260,$2.20,$0.88 / 100G,,, Add to cart , Save to list 
Uncle Tobys Oats Traditonal Rolled Oats Porridge 1kg,https://www.woolworths.com.au/shop/productdetails/33036/uncle-tobys-oats-traditonal-rolled-oats-porridge,https://assets.woolworths.com.au/images/1005/33036.jpg?impolicy=wowsmkqiema&w=260&h=260,$6.50,$0.65 / 100G,,, Add to cart , Save to list 
Heilala Baking Blend Vanilla Extract 125ml,https://www.woolworths.com.au/shop/productdetails/662134/heilala-baking-blend-vanilla-extract,https://assets.woolworths.com.au/images/1005/662134.jpg?impolicy=wowsmkqiema&w=260&h=260,$8.00,$6.40 / 100ML,,, Add to cart , Save to list 
Leggo's Bolognese - Bacon Chunky Tomato & Herbs Pasta Sauce 500g,https://www.woolworths.com.au/shop/productdetails/451726/leggo-s-bolognese-bacon-chunky-tomato-herbs-pasta-sauce,https://assets.woolworths.com.au/images/1005/451726.jpg?impolicy=wowsmkqiema&w=260&h=260,$4.30,$0.86 / 100G,,, Add to cart , Save to list 
Leggos Tuna Bake 500g,https://www.woolworths.com.au/shop/productdetails/452031/leggos-tuna-bake,https://assets.woolworths.com.au/images/1005/452031.jpg?impolicy=wowsmkqiema&w=260&h=260,$4.50,$0.90 / 100G,,, Add to cart , Save to list 
Campbell's Real Stock Chicken Salt Reduced Liquid Stock 500ml,https://www.woolworths.com.au/shop/productdetails/282923/campbell-s-real-stock-chicken-salt-reduced-liquid-stock,https://assets.woolworths.com.au/images/1005/282923.jpg?impolicy=wowsmkqiema&w=260&h=260,$2.75,$0.55 / 100ML,,, Add to cart , Save to list 
Woolworths Oregano Leaves 10g,https://www.woolworths.com.au/shop/productdetails/251127/woolworths-oregano-leaves,https://assets.woolworths.com.au/images/1005/251127.jpg?impolicy=wowsmkqiema&w=260&h=260,$1.80,$1.80 / 10G,4.6,380, Add to cart , Save to list 
Tandaco Stuffing Mix Seasoned Turkey & Chicken 200g,https://www.woolworths.com.au/shop/productdetails/15344/tandaco-stuffing-mix-seasoned-turkey-chicken,https://assets.woolworths.com.au/images/1005/15344.jpg?impolicy=wowsmkqiema&w=260&h=260,$3.00,$0.15 / 10G,5.0,1, Add to cart , Save to list 
Continental Cup A Soup Homestyle Pumpkin 61g,https://www.woolworths.com.au/shop/productdetails/433428/continental-cup-a-soup-homestyle-pumpkin,https://assets.woolworths.com.au/images/1005/433428.jpg?impolicy=wowsmkqiema&w=260&h=260,$2.80,$4.59 / 100G,,, Add to cart , Save to list 
Thomy Mayonnaise 470g,https://www.woolworths.com.au/shop/productdetails/19274/thomy-mayonnaise,https://assets.woolworths.com.au/images/1005/19274.jpg?impolicy=wowsmkqiema&w=260&h=260,$7.50,$1.60 / 100G,,, Add to cart , Save to list 
Mccormick Organic Turmeric Ground 17g,https://www.woolworths.com.au/shop/productdetails/700508/mccormick-organic-turmeric-ground,https://assets.woolworths.com.au/images/1005/700508.jpg?impolicy=wowsmkqiema&w=260&h=260,$2.75,$1.62 / 10G,,, Add to cart , Save to list 
Sanitarium Weet-bix Blends Multi-grain+ Breakfast Cereal 575g,https://www.woolworths.com.au/shop/productdetails/245169/sanitarium-weet-bix-blends-multi-grain-breakfast-cereal,https://assets.woolworths.com.au/images/1005/245169.jpg?impolicy=wowsmkqiema&w=260&h=260,,,,,, Save to list 
Woolworths Pepitas 300g,https://www.woolworths.com.au/shop/productdetails/726358/woolworths-pepitas,https://assets.woolworths.com.au/images/1005/726358.jpg?impolicy=wowsmkqiema&w=260&h=260,$4.00,$13.33 / 1KG,4.3,280, Add to cart , Save to list 
Masterfoods Seasoning Garlic Steak 50g,https://www.woolworths.com.au/shop/productdetails/92971/masterfoods-seasoning-garlic-steak,https://assets.woolworths.com.au/images/1005/92971.jpg?impolicy=wowsmkqiema&w=260&h=260,$4.00,$0.80 / 10G,,, Add to cart , Save to list 
Woolworths Chilli Flakes 23g,https://www.woolworths.com.au/shop/productdetails/250994/woolworths-chilli-flakes,https://assets.woolworths.com.au/images/1005/250994.jpg?impolicy=wowsmkqiema&w=260&h=260,$1.70,$0.74 / 10G,4.5,639, Add to cart , Save to list 
Woolworths Cinnamon Ground 32g,https://www.woolworths.com.au/shop/productdetails/251000/woolworths-cinnamon-ground,https://assets.woolworths.com.au/images/1005/251000.jpg?impolicy=wowsmkqiema&w=260&h=260,$1.70,$0.53 / 10G,4.7,384, Add to cart , Save to list 
Dollar Sweets Vegetarian Rainbow Sprinkles 155g,https://www.woolworths.com.au/shop/productdetails/803604/dollar-sweets-vegetarian-rainbow-sprinkles,https://assets.woolworths.com.au/images/1005/803604.jpg?impolicy=wowsmkqiema&w=260&h=260,$2.15,$1.39 / 100G,,, Add to cart , Save to list 
Sanitarium Weet-bix Gluten Free Coconut & Cinnamon Breakfast Cereal 400g,https://www.woolworths.com.au/shop/productdetails/476928/sanitarium-weet-bix-gluten-free-coconut-cinnamon-breakfast-cereal,https://assets.woolworths.com.au/images/1005/476928.jpg?impolicy=wowsmkqiema&w=260&h=260,$5.30,$1.33 / 100G,4.7,25, Add to cart , Save to list 
Barilla Pasta Gluten Free Spaghetti 340g,https://www.woolworths.com.au/shop/productdetails/620646/barilla-pasta-gluten-free-spaghetti-gluten-free,https://assets.woolworths.com.au/images/1005/620646.jpg?impolicy=wowsmkqiema&w=260&h=260,$4.70,$1.38 / 100G,,, Add to cart , Save to list 
Woolworths Fresh Mint Bunch,https://www.woolworths.com.au/shop/productdetails/142948/woolworths-fresh-mint,https://assets.woolworths.com.au/images/1005/142948.jpg?impolicy=wowsmkqiema&w=260&h=260,$3.20,$3.20 / 1EA,,, Add to cart , Save to list 
Fehlbergs Double Strength White Vinegar 1l,https://www.woolworths.com.au/shop/productdetails/695662/fehlbergs-double-strength-white-vinegar,https://assets.woolworths.com.au/images/1005/695662.jpg?impolicy=wowsmkqiema&w=260&h=260,$3.00,$0.30 / 100ML,,, Add to cart , Save to list 
Old El Paso Nachos Salsa Topping Mild 390g,https://www.woolworths.com.au/shop/productdetails/65084/old-el-paso-nachos-salsa-topping-mild,https://assets.woolworths.com.au/images/1005/65084.jpg?impolicy=wowsmkqiema&w=260&h=260,$5.00,$1.28 / 100G,,, Add to cart , Save to list 
The Spice Tailor Delicate Korma Curry 300g,https://www.woolworths.com.au/shop/productdetails/452500/the-spice-tailor-delicate-korma-curry,https://assets.woolworths.com.au/images/1005/452500.jpg?impolicy=wowsmkqiema&w=260&h=260,$3.10,$1.03 / 100G,,, Add to cart , Save to list 
Woolworths Canola Cooking Spray 400g,https://www.woolworths.com.au/shop/productdetails/346864/woolworths-canola-cooking-spray,https://assets.woolworths.com.au/images/1005/346864.jpg?impolicy=wowsmkqiema&w=260&h=260,$2.50,$0.63 / 100G,4.5,683, Add to cart , Save to list 
Essentials Black Tea Bags 100 Pack,https://www.woolworths.com.au/shop/productdetails/617101/essentials-black-tea-bags,https://assets.woolworths.com.au/images/1005/617101.jpg?impolicy=wowsmkqiema&w=260&h=260,$1.90,$0.02 / 1EA,3.2,153, Add to cart , Save to list 
Heinz Oops Pasta In Tomato Sauce Canned Spaghetti O's 220g,https://www.woolworths.com.au/shop/productdetails/172409/heinz-oops-pasta-in-tomato-sauce-canned-spaghetti-o-s,https://assets.woolworths.com.au/images/1005/172409.jpg?impolicy=wowsmkqiema&w=260&h=260,$2.00,$0.91 / 100G,,, Add to cart , Save to list 
Sanitarium Up&go Liquid Breakfast Vanilla Ice 12 Pack,https://www.woolworths.com.au/shop/productdetails/733705/sanitarium-up-go-liquid-breakfast-vanilla-ice,https://assets.woolworths.com.au/images/1005/733705.jpg?impolicy=wowsmkqiema&w=260&h=260,$15.80,$5.27 / 1L,,, Add to cart , Save to list 
Woolworths Italian Dried Herbs 10g,https://www.woolworths.com.au/shop/productdetails/251075/woolworths-italian-dried-herbs,https://assets.woolworths.com.au/images/1005/251075.jpg?impolicy=wowsmkqiema&w=260&h=260,,,4.6,409,, Save to list 
Woolworths Unsweetened Almond Milk 1l,https://www.woolworths.com.au/shop/productdetails/779134/woolworths-unsweetened-almond-milk,https://assets.woolworths.com.au/images/1005/779134.jpg?impolicy=wowsmkqiema&w=260&h=260,$2.00,$2.00 / 1L,3.9,455, Add to cart , Save to list 
Pureharvest Organic Malt Free Soy Milk 1l,https://www.woolworths.com.au/shop/productdetails/192366/pureharvest-organic-malt-free-soy-milk,https://assets.woolworths.com.au/images/1005/192366.jpg?impolicy=wowsmkqiema&w=260&h=260,$2.00,$2.00 / 1L,,, Add to cart , Save to list 
Twinings Green Tea Bags 10 Pack 15g,https://www.woolworths.com.au/shop/productdetails/63010/twinings-green-tea-bags,https://assets.woolworths.com.au/images/1005/63010.jpg?impolicy=wowsmkqiema&w=260&h=260,$2.00,$0.20 / 1EA,,, Add to cart , Save to list 
Old El Paso Tortilla Pockets 223g,https://www.woolworths.com.au/shop/productdetails/106518/old-el-paso-tortilla-pockets,https://assets.woolworths.com.au/images/1005/106518.jpg?impolicy=wowsmkqiema&w=260&h=260,$4.40,$1.97 / 100G,,, Add to cart , Save to list 
Pearl River Bridge Soy Sauce 500ml,https://www.woolworths.com.au/shop/productdetails/310223/pearl-river-bridge-soy-sauce,https://assets.woolworths.com.au/images/1005/310223.jpg?impolicy=wowsmkqiema&w=260&h=260,$4.20,$0.84 / 100ML,,, Add to cart , Save to list 
Continental Simmer Soup Chicken Noodle 45g,https://www.woolworths.com.au/shop/productdetails/34389/continental-simmer-soup-chicken-noodle,https://assets.woolworths.com.au/images/1005/34389.jpg?impolicy=wowsmkqiema&w=260&h=260,$1.20,$2.67 / 100G,,, Add to cart , Save to list 
Heinz Classic Winter Vegetable Soup 535g,https://www.woolworths.com.au/shop/productdetails/224221/heinz-classic-winter-vegetable-soup-winter-vegetable,https://assets.woolworths.com.au/images/1005/224221.jpg?impolicy=wowsmkqiema&w=260&h=260,$3.50,$0.65 / 100G,,, Add to cart , Save to list 
Twinings English Breakfast Tea  Bags 50 Pack,https://www.woolworths.com.au/shop/productdetails/42982/twinings-english-breakfast-tea-bags-tea-bags,https://assets.woolworths.com.au/images/1005/42982.jpg?impolicy=wowsmkqiema&w=260&h=260,$7.50,$0.15 / 1EA,,, Add to cart , Save to list 
Woolworths Yellowfin Tuna Slices In Olive Oil With Chilli 125g,https://www.woolworths.com.au/shop/productdetails/676656/woolworths-yellowfin-tuna-slices-in-olive-oil-with-chilli,https://assets.woolworths.com.au/images/1005/676656.jpg?impolicy=wowsmkqiema&w=260&h=260,$2.00,$16.00 / 1KG,3.7,651, Add to cart , Save to list 
Sa Gourmet Food Co Classic Italian Minestrone Soup 430g,https://www.woolworths.com.au/shop/productdetails/85195/sa-gourmet-food-co-classic-italian-minestrone-soup,https://assets.woolworths.com.au/images/1005/85195.jpg?impolicy=wowsmkqiema&w=260&h=260,$3.00,$0.70 / 100G,,, Add to cart , Save to list 
San Remo La Pasta Macaroni Cheese Single Snack 80g,https://www.woolworths.com.au/shop/productdetails/48645/san-remo-la-pasta-macaroni-cheese-single-snack,https://assets.woolworths.com.au/images/1005/48645.jpg?impolicy=wowsmkqiema&w=260&h=260,$1.40,$1.75 / 100G,5.0,1, Add to cart , Save to list 
Essentials Self Raising Flour 1kg,https://www.woolworths.com.au/shop/productdetails/33296/essentials-self-raising-flour,https://assets.woolworths.com.au/images/1005/33296.jpg?impolicy=wowsmkqiema&w=260&h=260,$1.15,$1.15 / 1KG,4.8,421, Add to cart , Save to list 
Paramount Salmon Pink 415g,https://www.woolworths.com.au/shop/productdetails/1469/paramount-salmon-pink,https://assets.woolworths.com.au/images/1005/1469.jpg?impolicy=wowsmkqiema&w=260&h=260,$8.20,$19.76 / 1KG,,, Add to cart , Save to list 
Vetta Smart Fibre Dinosaur Pasta 500g,https://www.woolworths.com.au/shop/productdetails/94255/vetta-smart-fibre-dinosaur-pasta,https://assets.woolworths.com.au/images/1005/94255.jpg?impolicy=wowsmkqiema&w=260&h=260,$2.35,$0.47 / 100G,,, Add to cart , Save to list 
Arnott's Gluten Free Tiny Teddy Choc Chip Biscuits 120g,https://www.woolworths.com.au/shop/productdetails/169353/arnott-s-gluten-free-tiny-teddy-choc-chip-biscuits,https://assets.woolworths.com.au/images/1005/169353.jpg?impolicy=wowsmkqiema&w=260&h=260,$4.70,$3.92 / 100G,,, Add to cart , Save to list 
Woolworths Potato Whole 410g,https://www.woolworths.com.au/shop/productdetails/373818/woolworths-potato-whole,https://assets.woolworths.com.au/images/1005/373818.jpg?impolicy=wowsmkqiema&w=260&h=260,$1.60,$3.90 / 1KG,4.0,699, Add to cart , Save to list 
Annalisa Diced Tomatoes Garlic & Basil 400g,https://www.woolworths.com.au/shop/productdetails/517491/annalisa-diced-tomatoes-garlic-basil,https://assets.woolworths.com.au/images/1005/517491.jpg?impolicy=wowsmkqiema&w=260&h=260,$1.80,$4.50 / 1KG,,, Add to cart , Save to list 
Heinz Spaghetti Extra Cheesy Pasta Canned Spaghetti 300g,https://www.woolworths.com.au/shop/productdetails/625155/heinz-spaghetti-extra-cheesy-pasta-canned-spaghetti,https://assets.woolworths.com.au/images/1005/625155.jpg?impolicy=wowsmkqiema&w=260&h=260,$2.20,$0.73 / 100G,,, Add to cart , Save to list 
Gravox Pepper Steak Sauce Liquid Pouch 165g,https://www.woolworths.com.au/shop/productdetails/245953/gravox-pepper-steak-sauce-liquid-pouch,https://assets.woolworths.com.au/images/1005/245953.jpg?impolicy=wowsmkqiema&w=260&h=260,$3.50,$2.12 / 100G,5.0,1, Add to cart , Save to list 
Lee Kum Kee Sauce Teriyaki Beef 100g,https://www.woolworths.com.au/shop/productdetails/263288/lee-kum-kee-sauce-teriyaki-beef,https://assets.woolworths.com.au/images/1005/263288.jpg?impolicy=wowsmkqiema&w=260&h=260,$1.60,$1.60 / 100G,,, Add to cart , Save to list 
Continental Value Pack Fried Rice Oriental 180g,https://www.woolworths.com.au/shop/productdetails/79602/continental-value-pack-fried-rice-oriental,https://assets.woolworths.com.au/images/1005/79602.jpg?impolicy=wowsmkqiema&w=260&h=260,$3.50,$1.94 / 100G,,, Add to cart , Save to list 
Hart & Soul Coconut Pumpkin Soup Pouch 400g,https://www.woolworths.com.au/shop/productdetails/576390/hart-soul-coconut-pumpkin-soup-pouch,https://assets.woolworths.com.au/images/1005/576390.jpg?impolicy=wowsmkqiema&w=260&h=260,$4.50,$1.13 / 100G,,, Add to cart , Save to list 
Woolworths Citrus Juice Lime 250ml,https://www.woolworths.com.au/shop/productdetails/720425/woolworths-citrus-juice-lime,https://assets.woolworths.com.au/images/1005/720425.jpg?impolicy=wowsmkqiema&w=260&h=260,$1.00,$0.40 / 100ML,4.3,353, Add to cart , Save to list 
Essentials Beetroot Sliced 425g,https://www.woolworths.com.au/shop/productdetails/209981/essentials-beetroot-sliced,https://assets.woolworths.com.au/images/1005/209981.jpg?impolicy=wowsmkqiema&w=260&h=260,,,4.3,519,, Save to list 
Mckenzie's Himalayan Salt Rock Pink 400g,https://www.woolworths.com.au/shop/productdetails/749926/mckenzie-s-himalayan-salt-rock-pink,https://assets.woolworths.com.au/images/1005/749926.jpg?impolicy=wowsmkqiema&w=260&h=260,$5.95,$0.15 / 10G,,, Add to cart , Save to list 
Starbucks By Nespresso Single Origin Colombia Coffee Pods 10 Pack,https://www.woolworths.com.au/shop/productdetails/59694/starbucks-by-nespresso-single-origin-colombia-coffee-pods,https://assets.woolworths.com.au/images/1005/59694.jpg?impolicy=wowsmkqiema&w=260&h=260,$7.90,$0.79 / 1EA,,, Add to cart , Save to list 
Continental Soup Sensations Vine Ripened Tomato & Ricotta Serves 2 54g,https://www.woolworths.com.au/shop/productdetails/82852/continental-soup-sensations-vine-ripened-tomato-ricotta-serves-2,https://assets.woolworths.com.au/images/1005/82852.jpg?impolicy=wowsmkqiema&w=260&h=260,$3.50,$6.48 / 100G,,, Add to cart , Save to list 
Dilmah Premium Quality Tea Bags 100 Pack,https://www.woolworths.com.au/shop/productdetails/38288/dilmah-premium-quality-tea-bags,https://assets.woolworths.com.au/images/1005/38288.jpg?impolicy=wowsmkqiema&w=260&h=260,$4.10,$0.04 / 1EA,,, Add to cart , Save to list 
Eta Barbecue Sauce 375ml,https://www.woolworths.com.au/shop/productdetails/34425/eta-barbecue-sauce,https://assets.woolworths.com.au/images/1005/34425.jpg?impolicy=wowsmkqiema&w=260&h=260,$2.75,$0.73 / 100ML,,, Add to cart , Save to list 
Woolworths Pine Nuts 80g,https://www.woolworths.com.au/shop/productdetails/726355/woolworths-pine-nuts,https://assets.woolworths.com.au/images/1005/726355.jpg?impolicy=wowsmkqiema&w=260&h=260,$3.95,$49.38 / 1KG,4.4,804, Add to cart , Save to list 
Tabasco Sriracha Sauce 256ml,https://www.woolworths.com.au/shop/productdetails/79955/tabasco-sriracha-sauce,https://assets.woolworths.com.au/images/1005/79955.jpg?impolicy=wowsmkqiema&w=260&h=260,$6.00,$2.34 / 100ML,,, Add to cart , Save to list 
Pandaroo Ingredients Rice Paper Spring Roll 150g,https://www.woolworths.com.au/shop/productdetails/121531/pandaroo-ingredients-rice-paper-spring-roll,https://assets.woolworths.com.au/images/1005/121531.jpg?impolicy=wowsmkqiema&w=260&h=260,$1.80,$1.20 / 100G,,, Add to cart , Save to list 
Masterfoods All Purpose Seasoning 65g,https://www.woolworths.com.au/shop/productdetails/32857/masterfoods-all-purpose-seasoning,https://assets.woolworths.com.au/images/1005/32857.jpg?impolicy=wowsmkqiema&w=260&h=260,$3.00,$0.46 / 10G,,, Add to cart , Save to list 
San Remo Vermicelli Egg Noodle Pasta 250g,https://www.woolworths.com.au/shop/productdetails/11251/san-remo-vermicelli-egg-noodle-pasta,https://assets.woolworths.com.au/images/1005/11251.jpg?impolicy=wowsmkqiema&w=260&h=260,$1.90,$0.76 / 100G,,, Add to cart , Save to list 
Smooze Pink Guava & Coconut 8x65ml,https://www.woolworths.com.au/shop/productdetails/939228/smooze-pink-guava-coconut,https://assets.woolworths.com.au/images/1005/939228.jpg?impolicy=wowsmkqiema&w=260&h=260,$7.00,$1.35 / 100ML,,, Add to cart , Save to list 
Macro Pumpkin Kernels 250g,https://www.woolworths.com.au/shop/productdetails/231811/macro-pumpkin-kernels,https://assets.woolworths.com.au/images/1005/231811.jpg?impolicy=wowsmkqiema&w=260&h=260,$4.00,$16.00 / 1KG,4.3,731, Add to cart , Save to list 
Sirena Tuna Garlic & Chilli In Oil 95g,https://www.woolworths.com.au/shop/productdetails/237392/sirena-tuna-garlic-chilli-in-oil,https://assets.woolworths.com.au/images/1005/237392.jpg?impolicy=wowsmkqiema&w=260&h=260,$2.95,$31.05 / 1KG,,, Add to cart , Save to list 
Mission Corn Chips Cheesy Nachos 230g,https://www.woolworths.com.au/shop/productdetails/728159/mission-corn-chips-cheesy-nachos,https://assets.woolworths.com.au/images/1005/728159.jpg?impolicy=wowsmkqiema&w=260&h=260,$4.00,$1.74 / 100G,,, Add to cart , Save to list 
Continental Cup A Soup Creamy Chicken With Croutons 30g X 2 Pack,https://www.woolworths.com.au/shop/productdetails/166232/continental-cup-a-soup-creamy-chicken-with-croutons,https://assets.woolworths.com.au/images/1005/166232.jpg?impolicy=wowsmkqiema&w=260&h=260,$2.80,$4.67 / 100G,,, Add to cart , Save to list 
Essentials Cornflour 500g,https://www.woolworths.com.au/shop/productdetails/39128/essentials-cornflour,https://assets.woolworths.com.au/images/1005/39128.jpg?impolicy=wowsmkqiema&w=260&h=260,$2.30,$4.60 / 1KG,4.6,843, Add to cart , Save to list 
Essentials Packet Soup Mix Chicken Noodle 50g,https://www.woolworths.com.au/shop/productdetails/37613/essentials-packet-soup-mix-chicken-noodle,https://assets.woolworths.com.au/images/1005/37613.jpg?impolicy=wowsmkqiema&w=260&h=260,$0.45,$0.90 / 100G,,, Add to cart , Save to list 
Choice Chicken Instant Noodles 85g X5 Pack,https://www.woolworths.com.au/shop/productdetails/521257/choice-chicken-instant-noodles,https://assets.woolworths.com.au/images/1005/521257.jpg?impolicy=wowsmkqiema&w=260&h=260,$2.00,$0.47 / 100G,4.0,457, Add to cart , Save to list 
Cornwell's Apple Cider Vinegar Cider 750ml,https://www.woolworths.com.au/shop/productdetails/78652/cornwell-s-apple-cider-vinegar-cider,https://assets.woolworths.com.au/images/1005/78652.jpg?impolicy=wowsmkqiema&w=260&h=260,$3.40,$0.45 / 100ML,,, Add to cart , Save to list 
Leggo's Pasta Bake Creamy Sundried Tomato & Garlic 500g,https://www.woolworths.com.au/shop/productdetails/452061/leggo-s-pasta-bake-creamy-sundried-tomato-garlic,https://assets.woolworths.com.au/images/1005/452061.jpg?impolicy=wowsmkqiema&w=260&h=260,$4.50,$0.90 / 100G,,, Add to cart , Save to list 
Pureharvest Rice Malt Syrup 500g,https://www.woolworths.com.au/shop/productdetails/56698/pureharvest-rice-malt-syrup,https://assets.woolworths.com.au/images/1005/56698.jpg?impolicy=wowsmkqiema&w=260&h=260,$3.80,$0.76 / 100G,,, Add to cart , Save to list 
Rosella Condensed Tomato Soup 390g,https://www.woolworths.com.au/shop/productdetails/202590/rosella-condensed-tomato-soup,https://assets.woolworths.com.au/images/1005/202590.jpg?impolicy=wowsmkqiema&w=260&h=260,$2.80,$0.72 / 100ML,,, Add to cart , Save to list 
San Remo Spirals Spelt Pasta 250g,https://www.woolworths.com.au/shop/productdetails/739878/san-remo-spirals-spelt-pasta,https://assets.woolworths.com.au/images/1005/739878.jpg?impolicy=wowsmkqiema&w=260&h=260,$3.50,$1.40 / 100G,,, Add to cart , Save to list 
Hart & Soul Chicken & Corn Soup Pouch 400g,https://www.woolworths.com.au/shop/productdetails/438469/hart-soul-chicken-corn-soup-pouch,https://assets.woolworths.com.au/images/1005/438469.jpg?impolicy=wowsmkqiema&w=260&h=260,$4.50,$1.13 / 100G,,, Add to cart , Save to list 
Woolworths Tuna & Crackers Snack Pack Tomato & Spinach 112g,https://www.woolworths.com.au/shop/productdetails/87014/woolworths-tuna-crackers-snack-pack-tomato-spinach,https://assets.woolworths.com.au/images/1005/87014.jpg?impolicy=wowsmkqiema&w=260&h=260,$2.10,$18.75 / 1KG,3.8,1250, Add to cart , Save to list 
Equal Sweetener Sachets 100 Pack,https://www.woolworths.com.au/shop/productdetails/36387/equal-sweetener-sachets,https://assets.woolworths.com.au/images/1005/36387.jpg?impolicy=wowsmkqiema&w=260&h=260,$6.60,$6.60 / 100EA,,, Add to cart , Save to list 
Macro Organic Pasta Sauce Chunky Tomato Garlic Basil 500g,https://www.woolworths.com.au/shop/productdetails/791171/macro-organic-pasta-sauce-chunky-tomato-garlic-basil,https://assets.woolworths.com.au/images/1005/791171.jpg?impolicy=wowsmkqiema&w=260&h=260,$2.30,$0.46 / 100G,4.1,768, Add to cart , Save to list 
Masterfoods Barbecue Sauce Smokey 500ml,https://www.woolworths.com.au/shop/productdetails/340182/masterfoods-barbecue-sauce-smokey,https://assets.woolworths.com.au/images/1005/340182.jpg?impolicy=wowsmkqiema&w=260&h=260,$2.50,$0.50 / 100ML,,, Add to cart , Save to list 
Trident Hot & Spicy Flavour Thai With Noodles Soup 50g,https://www.woolworths.com.au/shop/productdetails/11887/trident-hot-spicy-flavour-thai-with-noodles-soup,https://assets.woolworths.com.au/images/1005/11887.jpg?impolicy=wowsmkqiema&w=260&h=260,$1.10,$2.20 / 100G,,, Add to cart , Save to list 
Juicy Isle Strawberry Topping 375ml,https://www.woolworths.com.au/shop/productdetails/830072/juicy-isle-strawberry-topping,https://assets.woolworths.com.au/images/1005/830072.jpg?impolicy=wowsmkqiema&w=260&h=260,$2.50,$0.67 / 100ML,,, Add to cart , Save to list 
Macro Australian Walnuts 250g,https://www.woolworths.com.au/shop/productdetails/188938/macro-australian-walnuts,https://assets.woolworths.com.au/images/1005/188938.jpg?impolicy=wowsmkqiema&w=260&h=260,$8.00,$32.00 / 1KG,4.7,160, Add to cart , Save to list 
Woolworths Basmati Rice 5kg,https://www.woolworths.com.au/shop/productdetails/598743/woolworths-basmati-rice,https://assets.woolworths.com.au/images/1005/598743.jpg?impolicy=wowsmkqiema&w=260&h=260,$18.00,$0.36 / 100G,,, Add to cart , Save to list 
Wokka Noodles Golden Hokkien Shelf Fresh 440g,https://www.woolworths.com.au/shop/productdetails/153757/wokka-noodles-golden-hokkien-shelf-fresh,https://assets.woolworths.com.au/images/1005/153757.jpg?impolicy=wowsmkqiema&w=260&h=260,$2.70,$0.61 / 100G,,, Add to cart , Save to list 
T2 Melbourne Breakfast Black Tea Bags 25 Pack,https://www.woolworths.com.au/shop/productdetails/726937/t2-melbourne-breakfast-black-tea-bags,https://assets.woolworths.com.au/images/1005/726937.jpg?impolicy=wowsmkqiema&w=260&h=260,$16.00,$0.64 / 1EA,,, Add to cart , Save to list 
Twinings Lemon Twist Tea Bags 10 Pack,https://www.woolworths.com.au/shop/productdetails/58968/twinings-lemon-twist-tea-bags-tea-bags,https://assets.woolworths.com.au/images/1005/58968.jpg?impolicy=wowsmkqiema&w=260&h=260,$2.00,$0.20 / 1EA,,, Add to cart , Save to list 
Woolworths Minced Garlic 500g,https://www.woolworths.com.au/shop/productdetails/77385/woolworths-minced-garlic,https://assets.woolworths.com.au/images/1005/77385.jpg?impolicy=wowsmkqiema&w=260&h=260,$2.40,$0.05 / 10G,4.4,422, Add to cart , Save to list 
Woolworths Peaches In Juice Cups 4 Pack,https://www.woolworths.com.au/shop/productdetails/744521/woolworths-peaches-in-juice-cups,https://assets.woolworths.com.au/images/1005/744521.jpg?impolicy=wowsmkqiema&w=260&h=260,$2.20,$4.40 / 1KG,3.9,441, Add to cart , Save to list 
Continental Cup A Soup Chicken With Lots Of Noodles 2 Pack,https://www.woolworths.com.au/shop/productdetails/32924/continental-cup-a-soup-chicken-with-lots-of-noodles,https://assets.woolworths.com.au/images/1005/32924.jpg?impolicy=wowsmkqiema&w=260&h=260,$2.80,$4.67 / 100G,,, Add to cart , Save to list 
Cottee's Thick 'n' Rich Caramel Sauce Ice Cream Topping 575g,https://www.woolworths.com.au/shop/productdetails/765578/cottees-thick-n-rich-caramel-sauce-ice-cream-topping,https://assets.woolworths.com.au/images/1005/765578.jpg?impolicy=wowsmkqiema&w=260&h=260,,,,,, Save to list 
Maggi Seasoning Sauce 200ml,https://www.woolworths.com.au/shop/productdetails/95064/maggi-seasoning-sauce,https://assets.woolworths.com.au/images/1005/95064.jpg?impolicy=wowsmkqiema&w=260&h=260,$5.00,$2.50 / 100ML,,, Add to cart , Save to list 
T2 Sleep Tight Tea Bags 10 Pack,https://www.woolworths.com.au/shop/productdetails/134420/t2-sleep-tight-tea-bags,https://assets.woolworths.com.au/images/1005/134420.jpg?impolicy=wowsmkqiema&w=260&h=260,$7.00,$0.70 / 1EA,,, Add to cart , Save to list 
Kewpie Salad Dressing Roasted Sesame 210ml,https://www.woolworths.com.au/shop/productdetails/790349/kewpie-salad-dressing-roasted-sesame,https://assets.woolworths.com.au/images/1005/790349.jpg?impolicy=wowsmkqiema&w=260&h=260,$4.00,$1.90 / 100ML,,, Add to cart , Save to list 
Sacla Whole Cherry Tomato Parmesan Pasta Sauce 420g,https://www.woolworths.com.au/shop/productdetails/88313/sacla-whole-cherry-tomato-parmesan-pasta-sauce,https://assets.woolworths.com.au/images/1005/88313.jpg?impolicy=wowsmkqiema&w=260&h=260,$5.00,$1.19 / 100G,,, Add to cart , Save to list 
Woolworths Special Fried Rice 250g,https://www.woolworths.com.au/shop/productdetails/105818/woolworths-special-fried-rice,https://assets.woolworths.com.au/images/1005/105818.jpg?impolicy=wowsmkqiema&w=260&h=260,$2.75,$1.10 / 100G,3.1,672, Add to cart , Save to list 
Edgell Canned Australian Corn Kernels Canned Snack Packs 125g X4 Pack,https://www.woolworths.com.au/shop/productdetails/192816/edgell-canned-australian-corn-kernels-canned-snack-packs,https://assets.woolworths.com.au/images/1005/192816.jpg?impolicy=wowsmkqiema&w=260&h=260,$3.80,$7.60 / 1KG,,, Add to cart , Save to list 
San Remo Spaghetti Angel Hair Pasta No 9 500g,https://www.woolworths.com.au/shop/productdetails/94378/san-remo-spaghetti-angel-hair-pasta-no-9,https://assets.woolworths.com.au/images/1005/94378.jpg?impolicy=wowsmkqiema&w=260&h=260,,,,,, Save to list 
T2 French Earl Grey Black Tea Bags 25 Pack,https://www.woolworths.com.au/shop/productdetails/727013/t2-french-earl-grey-black-tea-bags,https://assets.woolworths.com.au/images/1005/727013.jpg?impolicy=wowsmkqiema&w=260&h=260,$16.00,$0.64 / 1EA,,, Add to cart , Save to list 
Ardmona Organic Finely Crushed Tomatoes 400g,https://www.woolworths.com.au/shop/productdetails/867055/ardmona-organic-finely-crushed-tomatoes,https://assets.woolworths.com.au/images/1005/867055.jpg?impolicy=wowsmkqiema&w=260&h=260,$2.20,$5.50 / 1KG,,, Add to cart , Save to list 
Mcvitie's Go Ahead Crispy Slices Sultana & Apple (5x3pk) 218g,https://www.woolworths.com.au/shop/productdetails/830566/mcvitie-s-go-ahead-crispy-slices-sultana-apple-5x3pk-,https://assets.woolworths.com.au/images/1005/830566.jpg?impolicy=wowsmkqiema&w=260&h=260,,,,,, Save to list 
Massel 7's Beef Cubes Gluten Free 35g,https://www.woolworths.com.au/shop/productdetails/794812/massel-7-s-beef-cubes-gluten-free,https://assets.woolworths.com.au/images/1005/794812.jpg?impolicy=wowsmkqiema&w=260&h=260,$1.00,$0.29 / 10G,5.0,1, Add to cart , Save to list 
Woolworths Creamed Corn 400g,https://www.woolworths.com.au/shop/productdetails/492070/woolworths-creamed-corn,https://assets.woolworths.com.au/images/1005/492070.jpg?impolicy=wowsmkqiema&w=260&h=260,$1.10,$2.75 / 1KG,3.9,737, Add to cart , Save to list 
Heinz Big N Chunky Peppered Steak Soup Tinned Ready Meals 535g,https://www.woolworths.com.au/shop/productdetails/224195/heinz-big-n-chunky-peppered-steak-soup-tinned-ready-meals,https://assets.woolworths.com.au/images/1005/224195.jpg?impolicy=wowsmkqiema&w=260&h=260,$3.50,$0.65 / 100G,,, Add to cart , Save to list 
Sugarless Low Calorie Sweetener Sachets 132 Pack,https://www.woolworths.com.au/shop/productdetails/665785/sugarless-low-calorie-sweetener-sachets,https://assets.woolworths.com.au/images/1005/665785.jpg?impolicy=wowsmkqiema&w=260&h=260,$6.00,$4.55 / 100EA,,, Add to cart , Save to list 
Heinz Beanz Baked Beans In Tomato Sauce Multipack 130g X4 Pack,https://www.woolworths.com.au/shop/productdetails/188059/heinz-beanz-baked-beans-in-tomato-sauce-multipack,https://assets.woolworths.com.au/images/1005/188059.jpg?impolicy=wowsmkqiema&w=260&h=260,$5.70,$1.10 / 100G,,, Add to cart , Save to list 
Old El Paso Stand 'n Stuff Tortilla 8 Pack,https://www.woolworths.com.au/shop/productdetails/787275/old-el-paso-stand-n-stuff-tortilla,https://assets.woolworths.com.au/images/1005/787275.jpg?impolicy=wowsmkqiema&w=260&h=260,$5.00,$2.59 / 100G,,, Add to cart , Save to list 
Mckenzie's Vegan Instant Dried Baker's Yeast 200g,https://www.woolworths.com.au/shop/productdetails/143327/mckenzie-s-vegan-instant-dried-baker-s-yeast,https://assets.woolworths.com.au/images/1005/143327.jpg?impolicy=wowsmkqiema&w=260&h=260,$5.60,$2.80 / 100G,,, Add to cart , Save to list 
Always Fresh Sundried Tomato Strips 480g,https://www.woolworths.com.au/shop/productdetails/465068/always-fresh-sundried-tomato-strips,https://assets.woolworths.com.au/images/1005/465068.jpg?impolicy=wowsmkqiema&w=260&h=260,$8.00,$16.67 / 1KG,,, Add to cart , Save to list 
Continental Cup A Soup Italian Minestrone 2 Pack,https://www.woolworths.com.au/shop/productdetails/54157/continental-cup-a-soup-italian-minestrone,https://assets.woolworths.com.au/images/1005/54157.jpg?impolicy=wowsmkqiema&w=260&h=260,$2.80,$3.73 / 100G,,, Add to cart , Save to list 
Vetta Smart Protein Penne Pasta 375g,https://www.woolworths.com.au/shop/productdetails/117548/vetta-smart-protein-penne-pasta,https://assets.woolworths.com.au/images/1005/117548.jpg?impolicy=wowsmkqiema&w=260&h=260,$2.50,$0.67 / 100G,,, Add to cart , Save to list 
"Dolmio Extra Tomato, Onion & Garlic Pasta Sauce 785g",https://www.woolworths.com.au/shop/productdetails/52869/dolmio-extra-tomato-onion-garlic-pasta-sauce,https://assets.woolworths.com.au/images/1005/52869.jpg?impolicy=wowsmkqiema&w=260&h=260,$4.50,$0.57 / 100G,,, Add to cart , Save to list 
Edgell Australian Super Sweet Corn Kernels 125g X4 Pack,https://www.woolworths.com.au/shop/productdetails/179361/edgell-australian-super-sweet-corn-kernels,https://assets.woolworths.com.au/images/1005/179361.jpg?impolicy=wowsmkqiema&w=260&h=260,$3.80,$7.60 / 1KG,,, Add to cart , Save to list 
Sacla Cherry Tomato & Roasted Garlic Pasta Sauce 420g,https://www.woolworths.com.au/shop/productdetails/87820/sacla-cherry-tomato-roasted-garlic-pasta-sauce,https://assets.woolworths.com.au/images/1005/87820.jpg?impolicy=wowsmkqiema&w=260&h=260,$5.00,$1.19 / 100G,,, Add to cart , Save to list 
Twinings Irish Breakfast Tea Bags 100 Pack 200g,https://www.woolworths.com.au/shop/productdetails/8647/twinings-irish-breakfast-tea-bags,https://assets.woolworths.com.au/images/1005/8647.jpg?impolicy=wowsmkqiema&w=260&h=260,$6.75,$0.07 / 1EA,,, Add to cart , Save to list 
John West Salmon Slices In Springwater 125g,https://www.woolworths.com.au/shop/productdetails/211269/john-west-salmon-slices-in-springwater,https://assets.woolworths.com.au/images/1005/211269.jpg?impolicy=wowsmkqiema&w=260&h=260,$4.30,$34.40 / 1KG,,, Add to cart , Save to list 
John West Lunch Kit With Crackers Tuna With Sweetcorn In Mayonnaise 108g,https://www.woolworths.com.au/shop/productdetails/24053/john-west-lunch-kit-with-crackers-tuna-with-sweetcorn-in-mayonnaise,https://assets.woolworths.com.au/images/1005/24053.jpg?impolicy=wowsmkqiema&w=260&h=260,$3.20,$29.63 / 1KG,,, Add to cart , Save to list 
Vegeta Chicken Stock Cubes 60g,https://www.woolworths.com.au/shop/productdetails/83117/vegeta-chicken-stock-cubes,https://assets.woolworths.com.au/images/1005/83117.jpg?impolicy=wowsmkqiema&w=260&h=260,$1.50,$0.25 / 10G,5.0,1, Add to cart , Save to list 
Continental Simmer Soup French Onion 40g,https://www.woolworths.com.au/shop/productdetails/34393/continental-simmer-soup-french-onion,https://assets.woolworths.com.au/images/1005/34393.jpg?impolicy=wowsmkqiema&w=260&h=260,$1.20,$3.00 / 100G,,, Add to cart , Save to list 
Liddells Full Cream Long Life Milk Lactose Free 1l,https://www.woolworths.com.au/shop/productdetails/32063/liddells-full-cream-long-life-milk-lactose-free,https://assets.woolworths.com.au/images/1005/32063.jpg?impolicy=wowsmkqiema&w=260&h=260,$3.00,$3.00 / 1L,,, Add to cart , Save to list 
Starbucks By Nespresso Italian Roast Coffee Pods 10 Pack,https://www.woolworths.com.au/shop/productdetails/155945/starbucks-by-nespresso-italian-roast-coffee-pods,https://assets.woolworths.com.au/images/1005/155945.jpg?impolicy=wowsmkqiema&w=260&h=260,$7.90,$0.79 / 1EA,,, Add to cart , Save to list 
Safcol Salmon With Mild Red Chilli Pouch 100g,https://www.woolworths.com.au/shop/productdetails/176246/safcol-salmon-with-mild-red-chilli-pouch,https://assets.woolworths.com.au/images/1005/176246.jpg?impolicy=wowsmkqiema&w=260&h=260,$2.20,$22.00 / 1KG,,, Add to cart , Save to list 
Woolworths Mexican Style 3 Bean Mix No Added Salt Can 420g,https://www.woolworths.com.au/shop/productdetails/663582/woolworths-mexican-style-3-bean-mix-no-added-salt-can,https://assets.woolworths.com.au/images/1005/663582.jpg?impolicy=wowsmkqiema&w=260&h=260,$1.00,$0.24 / 100G,4.3,308, Add to cart , Save to list 
Sandhurst Cucumbers Sandwich Stacker 500g,https://www.woolworths.com.au/shop/productdetails/471887/sandhurst-cucumbers-sandwich-stacker,https://assets.woolworths.com.au/images/1005/471887.jpg?impolicy=wowsmkqiema&w=260&h=260,,,,,, Save to list 
Sanitarium Up&go Liquid Breakfast Choc Ice 6 Pack,https://www.woolworths.com.au/shop/productdetails/167863/sanitarium-up-go-liquid-breakfast-choc-ice,https://assets.woolworths.com.au/images/1005/167863.jpg?impolicy=wowsmkqiema&w=260&h=260,$10.50,$7.00 / 1L,,, Add to cart , Save to list 
Woolworths Tuna Sweet Chilli With Crackers 112g,https://www.woolworths.com.au/shop/productdetails/672826/woolworths-tuna-sweet-chilli-with-crackers,https://assets.woolworths.com.au/images/1005/672826.jpg?impolicy=wowsmkqiema&w=260&h=260,$2.10,$18.75 / 1KG,3.8,421, Add to cart , Save to list 
Moro Sherry Vinegar 250ml,https://www.woolworths.com.au/shop/productdetails/636072/moro-sherry-vinegar,https://assets.woolworths.com.au/images/1005/636072.jpg?impolicy=wowsmkqiema&w=260&h=260,$4.00,$1.60 / 100ML,,, Add to cart , Save to list 
San Remo La Pasta Alfredo Single Snack 80g,https://www.woolworths.com.au/shop/productdetails/200783/san-remo-la-pasta-alfredo-single-snack,https://assets.woolworths.com.au/images/1005/200783.jpg?impolicy=wowsmkqiema&w=260&h=260,$1.40,$1.75 / 100G,,, Add to cart , Save to list 
Alishaan Super Basmati Rice 5kg,https://www.woolworths.com.au/shop/productdetails/102670/alishaan-super-basmati-rice,https://assets.woolworths.com.au/images/1005/102670.jpg?impolicy=wowsmkqiema&w=260&h=260,$15.00,$0.30 / 100G,4.6,317, Add to cart , Save to list 
Maggi Satay Chicken Recipe Base 43g,https://www.woolworths.com.au/shop/productdetails/446455/maggi-satay-chicken-recipe-base,https://assets.woolworths.com.au/images/1005/446455.jpg?impolicy=wowsmkqiema&w=260&h=260,$1.75,$4.07 / 100G,,, Add to cart , Save to list 
Natural Coarse Sea Salt Grinder 380g,https://www.woolworths.com.au/shop/productdetails/702205/natural-coarse-sea-salt-grinder,https://assets.woolworths.com.au/images/1005/702205.jpg?impolicy=wowsmkqiema&w=260&h=260,$6.50,$0.17 / 10G,,, Add to cart , Save to list 
Passage To Asia Teriyaki Chicken 200g,https://www.woolworths.com.au/shop/productdetails/703375/passage-to-asia-teriyaki-chicken,https://assets.woolworths.com.au/images/1005/703375.jpg?impolicy=wowsmkqiema&w=260&h=260,$2.40,$1.20 / 100G,,, Add to cart , Save to list 
La Zuppa Soup Pouch Chicken & Vegetable 540g,https://www.woolworths.com.au/shop/productdetails/750401/la-zuppa-soup-pouch-chicken-vegetable-tuscan-chicken-vegetable,https://assets.woolworths.com.au/images/1005/750401.jpg?impolicy=wowsmkqiema&w=260&h=260,$5.50,$1.02 / 100G,,, Add to cart , Save to list 
Starbucks By Nespresso Pike Place Roast Lungo Coffee Pods 10 Pack,https://www.woolworths.com.au/shop/productdetails/95082/starbucks-by-nespresso-pike-place-roast-lungo-coffee-pods,https://assets.woolworths.com.au/images/1005/95082.jpg?impolicy=wowsmkqiema&w=260&h=260,$7.90,$0.79 / 1EA,,, Add to cart , Save to list 
Csr Smart White Sugar Blend 500g,https://www.woolworths.com.au/shop/productdetails/322478/csr-smart-white-sugar-blend,https://assets.woolworths.com.au/images/1005/322478.jpg?impolicy=wowsmkqiema&w=260&h=260,$3.00,$0.60 / 100G,,, Add to cart , Save to list 
Doree Fried Shallots 100g,https://www.woolworths.com.au/shop/productdetails/830270/doree-fried-shallots,https://assets.woolworths.com.au/images/1005/830270.jpg?impolicy=wowsmkqiema&w=260&h=260,$3.30,$3.30 / 100G,,, Add to cart , Save to list 
Macro Organic Flour White Spelt 750g,https://www.woolworths.com.au/shop/productdetails/335400/macro-organic-flour-white-spelt,https://assets.woolworths.com.au/images/1005/335400.jpg?impolicy=wowsmkqiema&w=260&h=260,$7.50,$10.00 / 1KG,4.3,407, Add to cart , Save to list 
Saxa Black Peppercorn Pepper Grinder 45g,https://www.woolworths.com.au/shop/productdetails/158306/saxa-black-peppercorn-pepper-grinder,https://assets.woolworths.com.au/images/1005/158306.jpg?impolicy=wowsmkqiema&w=260&h=260,$5.50,$1.22 / 10G,,, Add to cart , Save to list 
Woolworths Pure Honey 400g,https://www.woolworths.com.au/shop/productdetails/251356/woolworths-pure-honey,https://assets.woolworths.com.au/images/1005/251356.jpg?impolicy=wowsmkqiema&w=260&h=260,$5.70,$1.43 / 100G,4.6,555, Add to cart , Save to list 
Campbell's Condensed Soup Cream Of Chicken & Corn 420g,https://www.woolworths.com.au/shop/productdetails/33892/campbell-s-condensed-soup-cream-of-chicken-corn,https://assets.woolworths.com.au/images/1005/33892.jpg?impolicy=wowsmkqiema&w=260&h=260,$2.00,$0.48 / 100G,,, Add to cart , Save to list 
John West Tuna Spread 95g,https://www.woolworths.com.au/shop/productdetails/36278/john-west-tuna-spread,https://assets.woolworths.com.au/images/1005/36278.jpg?impolicy=wowsmkqiema&w=260&h=260,$2.75,$2.89 / 100G,,, Add to cart , Save to list 
The Spice Tailor Rustic Rogan Josh 300g,https://www.woolworths.com.au/shop/productdetails/452464/the-spice-tailor-rustic-rogan-josh,https://assets.woolworths.com.au/images/1005/452464.jpg?impolicy=wowsmkqiema&w=260&h=260,$3.10,$1.03 / 100G,,, Add to cart , Save to list 
Mcvitie's Go Ahead Crispy Slices Sultana & Raspberry (5x3pk) 218g,https://www.woolworths.com.au/shop/productdetails/830564/mcvitie-s-go-ahead-crispy-slices-sultana-raspberry-5x3pk-,https://assets.woolworths.com.au/images/1005/830564.jpg?impolicy=wowsmkqiema&w=260&h=260,$2.20,$1.01 / 100G,,, Add to cart , Save to list 
Woolworths Extra Virgin Olive Oil 500ml,https://www.woolworths.com.au/shop/productdetails/248084/woolworths-extra-virgin-olive-oil,https://assets.woolworths.com.au/images/1005/248084.jpg?impolicy=wowsmkqiema&w=260&h=260,$5.40,$1.08 / 100ML,4.7,996, Add to cart , Save to list 
Continental Classics Cheesy Rice Serves 2 125g,https://www.woolworths.com.au/shop/productdetails/691507/continental-classics-cheesy-rice-serves-2,https://assets.woolworths.com.au/images/1005/691507.jpg?impolicy=wowsmkqiema&w=260&h=260,$2.80,$2.24 / 100G,,, Add to cart , Save to list 
Hermesetas Sweetener Tablets 300 Pack,https://www.woolworths.com.au/shop/productdetails/232208/hermesetas-sweetener-tablets,https://assets.woolworths.com.au/images/1005/232208.jpg?impolicy=wowsmkqiema&w=260&h=260,$4.00,$1.33 / 100EA,5.0,1, Add to cart , Save to list 
Lotus Peak White Tea Bags 25 Pack 50g,https://www.woolworths.com.au/shop/productdetails/228519/lotus-peak-white-tea-bags,https://assets.woolworths.com.au/images/1005/228519.jpg?impolicy=wowsmkqiema&w=260&h=260,$4.00,$0.16 / 1EA,,, Add to cart , Save to list 
Uncle Tobys Cereal Plus Antioxidant 765g,https://www.woolworths.com.au/shop/productdetails/827596/uncle-tobys-cereal-plus-antioxidant,https://cdn0.woolworths.media/content/wowproductimages/large/default.png,$8.80,$1.15 / 100G,,, Add to cart , Save to list 
Brunswick Sardines In Olive Oil 120g,https://www.woolworths.com.au/shop/productdetails/804280/brunswick-sardines-in-olive-oil,https://cdn0.woolworths.media/content/wowproductimages/large/default.png,$3.20,$26.67 / 1KG,,, Add to cart , Save to list 
Continental Soup Sensations Thai Pumpkin & Coconut Serves 2 62g,https://www.woolworths.com.au/shop/productdetails/80787/continental-soup-sensations-thai-pumpkin-coconut-serves-2,https://cdn0.woolworths.media/content/wowproductimages/large/default.png,$3.50,$5.65 / 100G,,, Add to cart , Save to list 
Heinz Spaghetti In Tomato Sauce Canned Pasta Tinned Pasta 220g,https://www.woolworths.com.au/shop/productdetails/34057/heinz-spaghetti-in-tomato-sauce-canned-pasta-tinned-pasta,https://cdn0.woolworths.media/content/wowproductimages/large/default.png,$2.00,$0.91 / 100G,,, Add to cart , Save to list 
Woolworths Champignon Whole 400g,https://www.woolworths.com.au/shop/productdetails/492075/woolworths-champignon-whole,https://cdn0.woolworths.media/content/wowproductimages/large/default.png,$1.50,$3.75 / 1KG,3.7,426, Add to cart , Save to list 
La Molisana Pastificio Extra Di Lusso Egg Tagliatelle 250g,https://www.woolworths.com.au/shop/productdetails/74615/la-molisana-pastificio-extra-di-lusso-egg-tagliatelle,https://cdn0.woolworths.media/content/wowproductimages/large/default.png,$2.45,$0.98 / 100G,4.6,445, Add to cart , Save to list 
Equal Sweetener Tablets 100 Pack,https://www.woolworths.com.au/shop/productdetails/94843/equal-sweetener-tablets,https://cdn0.woolworths.media/content/wowproductimages/large/default.png,$4.20,$4.20 / 100EA,,, Add to cart , Save to list 
Lighthouse Yeast Bread Improver 10x7g,https://www.woolworths.com.au/shop/productdetails/673516/lighthouse-yeast-bread-improver,https://cdn0.woolworths.media/content/wowproductimages/large/default.png,$5.30,$7.57 / 100G,,, Add to cart , Save to list 
Marion's Kitchen Classic Japanese Teriyaki 240ml,https://www.woolworths.com.au/shop/productdetails/80040/marion-s-kitchen-classic-japanese-teriyaki,https://cdn0.woolworths.media/content/wowproductimages/large/default.png,$5.00,$2.08 / 100ML,,, Add to cart , Save to list 
Old El Paso Gluten Free Soft Taco Kit 418g,https://www.woolworths.com.au/shop/productdetails/680455/old-el-paso-gluten-free-soft-taco-kit,https://cdn0.woolworths.media/content/wowproductimages/large/default.png,$6.00,$1.44 / 100G,,, Add to cart , Save to list 
Spam Turkey Oven Roasted 340g,https://www.woolworths.com.au/shop/productdetails/135885/spam-turkey-oven-roasted,https://cdn0.woolworths.media/content/wowproductimages/large/default.png,$3.80,$11.18 / 1KG,,, Add to cart , Save to list 
Yeo's Satay Sauce Satay Bbq 250ml,https://www.woolworths.com.au/shop/productdetails/38339/yeo-s-satay-sauce-satay-bbq,https://cdn0.woolworths.media/content/wowproductimages/large/default.png,$5.00,$2.00 / 100ML,,, Add to cart , Save to list 
Sanitarium So Good Oat No Added Sugar Uht Milk 1l,https://www.woolworths.com.au/shop/productdetails/120207/sanitarium-so-good-oat-no-added-sugar-uht-milk,https://assets.woolworths.com.au/images/1005/120207.jpg?impolicy=wowsmkqiema&w=260&h=260,$2.80,$2.80 / 1L,,, Add to cart , Save to list 
Twinings Green Tea & Mint Tea Bags 10 Pack,https://www.woolworths.com.au/shop/productdetails/228497/twinings-green-tea-mint-tea-bags-tea-bags,https://assets.woolworths.com.au/images/1005/228497.jpg?impolicy=wowsmkqiema&w=260&h=260,$2.00,$0.20 / 1EA,,, Add to cart , Save to list 
Hart & Soul All Natural Cauliflower Cashew Soup 400g,https://www.woolworths.com.au/shop/productdetails/676616/hart-soul-all-natural-cauliflower-cashew-soup,https://assets.woolworths.com.au/images/1005/676616.jpg?impolicy=wowsmkqiema&w=260&h=260,$4.50,$1.13 / 100G,5.0,1, Add to cart , Save to list 
"Heinz Soup Of The Day Tomato, Vegetable & Lentil Soup Pouch 430g",https://www.woolworths.com.au/shop/productdetails/750525/heinz-soup-of-the-day-tomato-vegetable-lentil-soup-pouch,https://assets.woolworths.com.au/images/1005/750525.jpg?impolicy=wowsmkqiema&w=260&h=260,$4.50,$1.05 / 100G,,, Add to cart , Save to list 
Mckenzie's Cream Of Tartar 125g,https://www.woolworths.com.au/shop/productdetails/205694/mckenzie-s-cream-of-tartar,https://assets.woolworths.com.au/images/1005/205694.jpg?impolicy=wowsmkqiema&w=260&h=260,$4.00,$3.20 / 100G,,, Add to cart , Save to list 
Woolworths Natural Plain Waffle Cones 12 Pack,https://www.woolworths.com.au/shop/productdetails/262823/woolworths-natural-plain-waffle-cones,https://assets.woolworths.com.au/images/1005/262823.jpg?impolicy=wowsmkqiema&w=260&h=260,$3.20,$1.88 / 100G,4.7,513, Add to cart , Save to list 
Heinz Spaghetti And Meatballs 420g,https://www.woolworths.com.au/shop/productdetails/758117/heinz-spaghetti-and-meatballs-meatballs-in-tomato-sauce,https://assets.woolworths.com.au/images/1005/758117.jpg?impolicy=wowsmkqiema&w=260&h=260,$3.00,$0.71 / 100G,,, Add to cart , Save to list 
Masterfoods Vanillin Sugar 65g,https://www.woolworths.com.au/shop/productdetails/32782/masterfoods-vanillin-sugar,https://assets.woolworths.com.au/images/1005/32782.jpg?impolicy=wowsmkqiema&w=260&h=260,$2.80,$0.43 / 10G,,, Add to cart , Save to list 
Campbell's Real Stock Beef Salt Reduced Liquid Stock 1l,https://www.woolworths.com.au/shop/productdetails/172643/campbell-s-real-stock-beef-salt-reduced-liquid-stock,https://assets.woolworths.com.au/images/1005/172643.jpg?impolicy=wowsmkqiema&w=260&h=260,$3.50,$0.35 / 100ML,,, Add to cart , Save to list 
Edgell Chickpeas 400g,https://www.woolworths.com.au/shop/productdetails/227107/edgell-chickpeas,https://assets.woolworths.com.au/images/1005/227107.jpg?impolicy=wowsmkqiema&w=260&h=260,$1.90,$0.48 / 100G,,, Add to cart , Save to list 
John West Oysters Smoked In Oil 85g,https://www.woolworths.com.au/shop/productdetails/67926/john-west-oysters-smoked-in-oil,https://assets.woolworths.com.au/images/1005/67926.jpg?impolicy=wowsmkqiema&w=260&h=260,$3.30,$38.82 / 1KG,,, Add to cart , Save to list 
Splenda Sweetener Tablets 500 Pack,https://www.woolworths.com.au/shop/productdetails/255396/splenda-sweetener-tablets,https://assets.woolworths.com.au/images/1005/255396.jpg?impolicy=wowsmkqiema&w=260&h=260,$12.70,$2.54 / 100EA,,, Add to cart , Save to list 
John West Salmon Pink 210g,https://www.woolworths.com.au/shop/productdetails/33920/john-west-salmon-pink,https://assets.woolworths.com.au/images/1005/33920.jpg?impolicy=wowsmkqiema&w=260&h=260,$5.20,$24.76 / 1KG,3.0,1, Add to cart , Save to list 
Campbell's Country Ladle Soup Farmhouse Vegetable 495g,https://www.woolworths.com.au/shop/productdetails/45931/campbell-s-country-ladle-soup-farmhouse-vegetable,https://assets.woolworths.com.au/images/1005/45931.jpg?impolicy=wowsmkqiema&w=260&h=260,$4.20,$0.85 / 100G,,, Add to cart , Save to list 
Continental Superb Stock Liquid Stock Chicken 1l,https://www.woolworths.com.au/shop/productdetails/678703/continental-superb-stock-liquid-stock-chicken,https://assets.woolworths.com.au/images/1005/678703.jpg?impolicy=wowsmkqiema&w=260&h=260,$3.00,$0.30 / 100ML,5.0,1, Add to cart , Save to list 
Leggos Pesto Sundried Tomato 190g,https://www.woolworths.com.au/shop/productdetails/94376/leggos-pesto-sundried-tomato,https://assets.woolworths.com.au/images/1005/94376.jpg?impolicy=wowsmkqiema&w=260&h=260,$5.30,$2.79 / 100G,,, Add to cart , Save to list 
Annalisa Tomato Puree 690g,https://www.woolworths.com.au/shop/productdetails/852391/annalisa-tomato-puree,https://assets.woolworths.com.au/images/1005/852391.jpg?impolicy=wowsmkqiema&w=260&h=260,$1.55,$0.22 / 100G,,, Add to cart , Save to list 
Moro Vinegar Red Wine 500ml,https://www.woolworths.com.au/shop/productdetails/195091/moro-vinegar-red-wine,https://assets.woolworths.com.au/images/1005/195091.jpg?impolicy=wowsmkqiema&w=260&h=260,$5.00,$1.00 / 100ML,,, Add to cart , Save to list 
Woolworths Creamed Rice 420g,https://www.woolworths.com.au/shop/productdetails/196943/woolworths-creamed-rice,https://assets.woolworths.com.au/images/1005/196943.jpg?impolicy=wowsmkqiema&w=260&h=260,$1.75,$0.42 / 100G,3.8,948, Add to cart , Save to list 
San Remo Shells Large Pasta No 29 500g,https://www.woolworths.com.au/shop/productdetails/91446/san-remo-shells-large-pasta-no-29,https://assets.woolworths.com.au/images/1005/91446.jpg?impolicy=wowsmkqiema&w=260&h=260,$2.95,$0.59 / 100G,,, Add to cart , Save to list 
Chang's Sesame Oil 150ml,https://www.woolworths.com.au/shop/productdetails/76240/chang-s-sesame-oil,https://assets.woolworths.com.au/images/1005/76240.jpg?impolicy=wowsmkqiema&w=260&h=260,$4.00,$2.67 / 100ML,,, Add to cart , Save to list 
Marco Polo European Foods Semolina 750g,https://www.woolworths.com.au/shop/productdetails/352574/marco-polo-european-foods-semolina,https://assets.woolworths.com.au/images/1005/352574.jpg?impolicy=wowsmkqiema&w=260&h=260,$3.45,$0.46 / 100G,,, Add to cart , Save to list 
Safcol Premium Salmon Soy & Ginger 95g,https://www.woolworths.com.au/shop/productdetails/663636/safcol-premium-salmon-soy-ginger,https://assets.woolworths.com.au/images/1005/663636.jpg?impolicy=wowsmkqiema&w=260&h=260,,,,,, Save to list 
Gardener Strawberry Jam 450g,https://www.woolworths.com.au/shop/productdetails/198522/gardener-strawberry-jam,https://assets.woolworths.com.au/images/1005/198522.jpg?impolicy=wowsmkqiema&w=260&h=260,$1.90,$0.42 / 100G,3.7,1335, Add to cart , Save to list 
Passage To Asia Satay Chicken 200g,https://www.woolworths.com.au/shop/productdetails/703559/passage-to-asia-satay-chicken,https://assets.woolworths.com.au/images/1005/703559.jpg?impolicy=wowsmkqiema&w=260&h=260,$2.40,$1.20 / 100G,,, Add to cart , Save to list 
Sunsol Muesli Almond Cashew Macadamia Walnut 500g,https://www.woolworths.com.au/shop/productdetails/792784/sunsol-muesli-almond-cashew-macadamia-walnut,https://assets.woolworths.com.au/images/1005/792784.jpg?impolicy=wowsmkqiema&w=260&h=260,,,,,, Save to list 
Heinz Big N Chunky Ravioli With Beef & Tomato Canned Meal 535g,https://www.woolworths.com.au/shop/productdetails/298168/heinz-big-n-chunky-ravioli-with-beef-tomato-canned-meal,https://assets.woolworths.com.au/images/1005/298168.jpg?impolicy=wowsmkqiema&w=260&h=260,$3.50,$0.65 / 100G,,, Add to cart , Save to list 
Sa Gourmet Food Co Creamy Pumpkin Soup 430g,https://www.woolworths.com.au/shop/productdetails/84981/sa-gourmet-food-co-creamy-pumpkin-soup,https://assets.woolworths.com.au/images/1005/84981.jpg?impolicy=wowsmkqiema&w=260&h=260,,,,,, Save to list 
Woolworths Water Chestnuts Sliced 225g,https://www.woolworths.com.au/shop/productdetails/492077/woolworths-water-chestnuts-sliced,https://assets.woolworths.com.au/images/1005/492077.jpg?impolicy=wowsmkqiema&w=260&h=260,$1.25,$5.56 / 1KG,4.4,357, Add to cart , Save to list 
Pandaroo Coconut Milk 400ml,https://www.woolworths.com.au/shop/productdetails/189725/pandaroo-coconut-milk,https://assets.woolworths.com.au/images/1005/189725.jpg?impolicy=wowsmkqiema&w=260&h=260,$1.65,$0.41 / 100ML,,, Add to cart , Save to list 
Twinings Morning Tea Bags 100 Pack,https://www.woolworths.com.au/shop/productdetails/575832/twinings-morning-tea-bags,https://assets.woolworths.com.au/images/1005/575832.jpg?impolicy=wowsmkqiema&w=260&h=260,$6.75,$0.07 / 1EA,,, Add to cart , Save to list 
Bega Peanut Butter Crunchy 780g,https://www.woolworths.com.au/shop/productdetails/38921/bega-peanut-butter-crunchy,https://assets.woolworths.com.au/images/1005/38921.jpg?impolicy=wowsmkqiema&w=260&h=260,$7.50,$0.96 / 100G,,, Add to cart , Save to list 
Equal Sweetener Sachets 50 Pack,https://www.woolworths.com.au/shop/productdetails/94563/equal-sweetener-sachets,https://assets.woolworths.com.au/images/1005/94563.jpg?impolicy=wowsmkqiema&w=260&h=260,$4.20,$8.40 / 100EA,,, Add to cart , Save to list 
Green's Maple Flavoured Syrup 375g,https://www.woolworths.com.au/shop/productdetails/77420/green-s-maple-flavoured-syrup,https://assets.woolworths.com.au/images/1005/77420.jpg?impolicy=wowsmkqiema&w=260&h=260,$3.50,$0.93 / 100G,,, Add to cart , Save to list 
Mckenzie's Bi Carb Soda 1kg,https://www.woolworths.com.au/shop/productdetails/428726/mckenzie-s-bi-carb-soda,https://assets.woolworths.com.au/images/1005/428726.jpg?impolicy=wowsmkqiema&w=260&h=260,$3.95,$0.40 / 100G,,, Add to cart , Save to list 
Mutti Parma Sugo Semplice Basil Pasta Sauce 400g,https://www.woolworths.com.au/shop/productdetails/81715/mutti-parma-sugo-semplice-basil-pasta-sauce,https://assets.woolworths.com.au/images/1005/81715.jpg?impolicy=wowsmkqiema&w=260&h=260,$4.00,$1.00 / 100G,,, Add to cart , Save to list 
Fountain Barbecue Bbq Sauce Reduced Sugar 500ml,https://www.woolworths.com.au/shop/productdetails/757861/fountain-barbecue-bbq-sauce-reduced-sugar,https://assets.woolworths.com.au/images/1005/757861.jpg?impolicy=wowsmkqiema&w=260&h=260,$2.00,$0.40 / 100ML,,, Add to cart , Save to list 
Campbell's Chunky Soup Potato & Bacon 505g,https://www.woolworths.com.au/shop/productdetails/245580/campbell-s-chunky-soup-potato-bacon,https://assets.woolworths.com.au/images/1005/245580.jpg?impolicy=wowsmkqiema&w=260&h=260,$4.20,$0.83 / 100G,,, Add to cart , Save to list 
Mingle Smokey Taco Mild Chipotle Spice Blend 30g,https://www.woolworths.com.au/shop/productdetails/217099/mingle-smokey-taco-mild-chipotle-spice-blend,https://assets.woolworths.com.au/images/1005/217099.jpg?impolicy=wowsmkqiema&w=260&h=260,$2.60,$8.67 / 100G,,, Add to cart , Save to list 
Woolworths Extra Virgin Olive Oil Spray 150g,https://www.woolworths.com.au/shop/productdetails/260739/woolworths-extra-virgin-olive-oil-spray,https://assets.woolworths.com.au/images/1005/260739.jpg?impolicy=wowsmkqiema&w=260&h=260,$2.50,$1.67 / 100G,4.7,587, Add to cart , Save to list 
Woolworths Smooth Peanut Butter 500g,https://www.woolworths.com.au/shop/productdetails/233922/woolworths-smooth-peanut-butter,https://assets.woolworths.com.au/images/1005/233922.jpg?impolicy=wowsmkqiema&w=260&h=260,$2.40,$0.48 / 100G,4.5,2, Add to cart , Save to list 
Masterfoods Sweet & Sour Sauce 270g,https://www.woolworths.com.au/shop/productdetails/35990/masterfoods-sweet-sour-sauce,https://assets.woolworths.com.au/images/1005/35990.jpg?impolicy=wowsmkqiema&w=260&h=260,$3.50,$1.30 / 100G,,, Add to cart , Save to list 
Starbucks By Nespresso Decaf Espresso Roast Coffee Pods 10 Pack,https://www.woolworths.com.au/shop/productdetails/115766/starbucks-by-nespresso-decaf-espresso-roast-coffee-pods,https://assets.woolworths.com.au/images/1005/115766.jpg?impolicy=wowsmkqiema&w=260&h=260,$7.90,$0.79 / 1EA,,, Add to cart , Save to list 
The Spice Tailor Thai Green Curry Kit 275g,https://www.woolworths.com.au/shop/productdetails/862713/the-spice-tailor-thai-green-curry-kit,https://assets.woolworths.com.au/images/1005/862713.jpg?impolicy=wowsmkqiema&w=260&h=260,$3.10,$1.13 / 100G,,, Add to cart , Save to list 
Woolworths Quick Oats 750g,https://www.woolworths.com.au/shop/productdetails/321222/woolworths-quick-oats,https://assets.woolworths.com.au/images/1005/321222.jpg?impolicy=wowsmkqiema&w=260&h=260,$1.40,$0.19 / 100G,4.5,912, Add to cart , Save to list 
Heinz Spaghetti & Sausages Canned 420g,https://www.woolworths.com.au/shop/productdetails/742287/heinz-spaghetti-sausages-canned,https://assets.woolworths.com.au/images/1005/742287.jpg?impolicy=wowsmkqiema&w=260&h=260,$3.00,$0.71 / 100G,,, Add to cart , Save to list 
Kellogg's Nutri Grain Protein Breakfast Cereal 765g,https://www.woolworths.com.au/shop/productdetails/199725/kelloggs-nutri-grain-protein-breakfast-cereal,https://assets.woolworths.com.au/images/1005/199725.jpg?impolicy=wowsmkqiema&w=260&h=260,$10.00,$1.31 / 100G,,, Add to cart , Save to list 
Woolworths Garlic Salt 72g,https://www.woolworths.com.au/shop/productdetails/647761/woolworths-garlic-salt,https://assets.woolworths.com.au/images/1005/647761.jpg?impolicy=wowsmkqiema&w=260&h=260,$1.45,$0.20 / 10G,4.2,1081, Add to cart , Save to list 
Campbell's Real Stock Beef Liquid Stock 250ml,https://www.woolworths.com.au/shop/productdetails/749885/campbell-s-real-stock-beef-liquid-stock,https://assets.woolworths.com.au/images/1005/749885.jpg?impolicy=wowsmkqiema&w=260&h=260,$1.80,$0.72 / 100ML,,, Add to cart , Save to list 
Mutti Passata 700g,https://www.woolworths.com.au/shop/productdetails/795297/mutti-passata,https://assets.woolworths.com.au/images/1005/795297.jpg?impolicy=wowsmkqiema&w=260&h=260,$4.40,$0.63 / 100G,,, Add to cart , Save to list 
Campbell's Condensed Soup Vegetable & Beef 420g,https://www.woolworths.com.au/shop/productdetails/35781/campbell-s-condensed-soup-vegetable-beef,https://assets.woolworths.com.au/images/1005/35781.jpg?impolicy=wowsmkqiema&w=260&h=260,$2.00,$0.48 / 100G,,, Add to cart , Save to list 
Twinings Green Tea & Lemon Tea Bags 10 Pack,https://www.woolworths.com.au/shop/productdetails/228496/twinings-green-tea-lemon-tea-bags-bags,https://assets.woolworths.com.au/images/1005/228496.jpg?impolicy=wowsmkqiema&w=260&h=260,$2.00,$0.20 / 1EA,,, Add to cart , Save to list 
Kuhne German Barrel Sauerkraut 810g,https://www.woolworths.com.au/shop/productdetails/338075/kuhne-german-barrel-sauerkraut,https://assets.woolworths.com.au/images/1005/338075.jpg?impolicy=wowsmkqiema&w=260&h=260,$6.20,$0.77 / 100G,,, Add to cart , Save to list 
Maharajah's Choice Semolina Flour 1kg,https://www.woolworths.com.au/shop/productdetails/431225/maharajah-s-choice-semolina-flour,https://assets.woolworths.com.au/images/1005/431225.jpg?impolicy=wowsmkqiema&w=260&h=260,$2.85,$0.29 / 100G,,, Add to cart , Save to list 
Heinz Special Burger Sauce Original Sauces 295ml,https://www.woolworths.com.au/shop/productdetails/59852/heinz-special-burger-sauce-original-sauces,https://assets.woolworths.com.au/images/1005/59852.jpg?impolicy=wowsmkqiema&w=260&h=260,$3.50,$1.19 / 100ML,,, Add to cart , Save to list 
Macro Organic Passata 700g,https://www.woolworths.com.au/shop/productdetails/700648/macro-organic-passata,https://assets.woolworths.com.au/images/1005/700648.jpg?impolicy=wowsmkqiema&w=260&h=260,$2.20,$0.31 / 100G,4.5,575, Add to cart , Save to list 
Masterfoods Seasoning All Purpose 200g,https://www.woolworths.com.au/shop/productdetails/342450/masterfoods-seasoning-all-purpose,https://assets.woolworths.com.au/images/1005/342450.jpg?impolicy=wowsmkqiema&w=260&h=260,$6.50,$0.33 / 10G,,, Add to cart , Save to list 
Pureharvest Coco Quench Coconut Milk 1l,https://www.woolworths.com.au/shop/productdetails/793391/pureharvest-coco-quench-coconut-milk,https://assets.woolworths.com.au/images/1005/793391.jpg?impolicy=wowsmkqiema&w=260&h=260,$2.00,$2.00 / 1L,,, Add to cart , Save to list 
Wokka Noodles Singapore Style Shelf Fresh 440g,https://www.woolworths.com.au/shop/productdetails/196948/wokka-noodles-singapore-style-shelf-fresh,https://assets.woolworths.com.au/images/1005/196948.jpg?impolicy=wowsmkqiema&w=260&h=260,$2.70,$0.61 / 100G,,, Add to cart , Save to list 
Rose's Strawberry Jam Conserve 500g,https://www.woolworths.com.au/shop/productdetails/728628/rose-s-strawberry-jam-conserve-conserve,https://assets.woolworths.com.au/images/1005/728628.jpg?impolicy=wowsmkqiema&w=260&h=260,$4.50,$0.90 / 100G,,, Add to cart , Save to list 
Safcol Salmon Premium 200g,https://www.woolworths.com.au/shop/productdetails/78630/safcol-salmon-premium,https://assets.woolworths.com.au/images/1005/78630.jpg?impolicy=wowsmkqiema&w=260&h=260,$5.00,$25.00 / 1KG,,, Add to cart , Save to list 
San Remo Pasta Wagon Wheels 500g,https://www.woolworths.com.au/shop/productdetails/619416/san-remo-pasta-wagon-wheels,https://assets.woolworths.com.au/images/1005/619416.jpg?impolicy=wowsmkqiema&w=260&h=260,$2.95,$0.59 / 100G,,, Add to cart , Save to list 
Sole Mare Portuguese Style Sardines In Tomato Sauce 120g,https://www.woolworths.com.au/shop/productdetails/65889/sole-mare-portuguese-style-sardines-in-tomato-sauce,https://assets.woolworths.com.au/images/1005/65889.jpg?impolicy=wowsmkqiema&w=260&h=260,$3.00,$25.00 / 1KG,,, Add to cart , Save to list 
San Remo La Pasta Carbonara Single Snack 80g,https://www.woolworths.com.au/shop/productdetails/200784/san-remo-la-pasta-carbonara-single-snack,https://assets.woolworths.com.au/images/1005/200784.jpg?impolicy=wowsmkqiema&w=260&h=260,$1.40,$1.75 / 100G,,, Add to cart , Save to list 
Chicken Tonight Simmer Sauce Honey & Mustard 485g,https://www.woolworths.com.au/shop/productdetails/12079/chicken-tonight-simmer-sauce-honey-mustard,https://assets.woolworths.com.au/images/1005/12079.jpg?impolicy=wowsmkqiema&w=260&h=260,$4.00,$0.82 / 100G,,, Add to cart , Save to list 
Spc Diced Peaches In Juice Fruit Cups 4 X 120g,https://www.woolworths.com.au/shop/productdetails/591732/spc-diced-peaches-in-juice-fruit-cups,https://assets.woolworths.com.au/images/1005/591732.jpg?impolicy=wowsmkqiema&w=260&h=260,$4.50,$9.38 / 1KG,,, Add to cart , Save to list 
Heinz Soup Of The Day Green Pea With Ham Soup Pouch 430g,https://www.woolworths.com.au/shop/productdetails/781572/heinz-soup-of-the-day-green-pea-with-ham-soup-pouch,https://assets.woolworths.com.au/images/1005/781572.jpg?impolicy=wowsmkqiema&w=260&h=260,$4.50,$1.05 / 100G,,, Add to cart , Save to list 
Nestle Sweetened Condensed Milk 395g,https://www.woolworths.com.au/shop/productdetails/105914/nestle-sweetened-condensed-milk,https://assets.woolworths.com.au/images/1005/105914.jpg?impolicy=wowsmkqiema&w=260&h=260,$2.20,$0.56 / 100G,,, Add to cart , Save to list 
Vetta Rural Aid Spirals Pasta Value Pack 750g,https://www.woolworths.com.au/shop/productdetails/111551/vetta-rural-aid-spirals-pasta-value-pack,https://assets.woolworths.com.au/images/1005/111551.jpg?impolicy=wowsmkqiema&w=260&h=260,$2.50,$0.33 / 100G,,, Add to cart , Save to list 
Woolworths Himalayan Pink Salt Fine Cut Shaker 125g,https://www.woolworths.com.au/shop/productdetails/476440/woolworths-himalayan-pink-salt-fine-cut-shaker,https://assets.woolworths.com.au/images/1005/476440.jpg?impolicy=wowsmkqiema&w=260&h=260,$3.20,$0.26 / 10G,4.5,373, Add to cart , Save to list 
Natvia Sweetener Sticks 40 Pack,https://www.woolworths.com.au/shop/productdetails/741011/natvia-sweetener-sticks,https://assets.woolworths.com.au/images/1005/741011.jpg?impolicy=wowsmkqiema&w=260&h=260,$3.80,$9.50 / 100EA,,, Add to cart , Save to list 
Woolworths Cajun Seasoning 35g,https://www.woolworths.com.au/shop/productdetails/250988/woolworths-cajun-seasoning,https://assets.woolworths.com.au/images/1005/250988.jpg?impolicy=wowsmkqiema&w=260&h=260,$2.00,$0.57 / 10G,,, Add to cart , Save to list 
Bega Peanut Butter Smooth 780g,https://www.woolworths.com.au/shop/productdetails/39362/bega-peanut-butter-smooth,https://assets.woolworths.com.au/images/1005/39362.jpg?impolicy=wowsmkqiema&w=260&h=260,$7.50,$0.96 / 100G,,, Add to cart , Save to list 
Woolworths Golden Syrup 400g,https://www.woolworths.com.au/shop/productdetails/94732/woolworths-golden-syrup,https://assets.woolworths.com.au/images/1005/94732.jpg?impolicy=wowsmkqiema&w=260&h=260,$2.20,$0.55 / 100G,4.5,370, Add to cart , Save to list 
Twinings Russian Caravan Tea Bags 10 Pack,https://www.woolworths.com.au/shop/productdetails/10109/twinings-russian-caravan-tea-bags-tea-bags,https://assets.woolworths.com.au/images/1005/10109.jpg?impolicy=wowsmkqiema&w=260&h=260,$2.00,$0.20 / 1EA,,, Add to cart , Save to list 
Sunrice Basmati Rice 1kg,https://www.woolworths.com.au/shop/productdetails/231636/sunrice-basmati-rice,https://assets.woolworths.com.au/images/1005/231636.jpg?impolicy=wowsmkqiema&w=260&h=260,$4.20,$0.42 / 100G,,, Add to cart , Save to list 
Red Island Cold Pressed Olive Oil Extra Virgin 500ml,https://www.woolworths.com.au/shop/productdetails/217225/red-island-cold-pressed-olive-oil-extra-virgin,https://assets.woolworths.com.au/images/1005/217225.jpg?impolicy=wowsmkqiema&w=260&h=260,$5.25,$1.05 / 100ML,,, Add to cart , Save to list 
Heinz Soup Of The Day Creamy Mushroom With Thyme Soup Pouch 430g,https://www.woolworths.com.au/shop/productdetails/750522/heinz-soup-of-the-day-creamy-mushroom-with-thyme-soup-pouch,https://assets.woolworths.com.au/images/1005/750522.jpg?impolicy=wowsmkqiema&w=260&h=260,$4.50,$1.05 / 100G,,, Add to cart , Save to list 
Leggo's Pasta Sauce Bolognese Red Wine Chunky Tomato & Herbs 500g,https://www.woolworths.com.au/shop/productdetails/451922/leggo-s-pasta-sauce-bolognese-red-wine-chunky-tomato-herbs,https://assets.woolworths.com.au/images/1005/451922.jpg?impolicy=wowsmkqiema&w=260&h=260,$4.30,$0.86 / 100G,,, Add to cart , Save to list 
Woolworths Tomato Paste 415g,https://www.woolworths.com.au/shop/productdetails/258476/woolworths-tomato-paste,https://assets.woolworths.com.au/images/1005/258476.jpg?impolicy=wowsmkqiema&w=260&h=260,$2.10,$0.51 / 100G,4.4,864, Add to cart , Save to list 
Continental Soup Sensations Mushroom & Bacon Serves 2 48g,https://www.woolworths.com.au/shop/productdetails/81497/continental-soup-sensations-mushroom-bacon-serves-2,https://assets.woolworths.com.au/images/1005/81497.jpg?impolicy=wowsmkqiema&w=260&h=260,$3.50,$7.29 / 100G,,, Add to cart , Save to list 
John West Wild Caught Salmon In Olive Oil Blend 200g,https://www.woolworths.com.au/shop/productdetails/235754/john-west-wild-caught-salmon-in-olive-oil-blend,https://assets.woolworths.com.au/images/1005/235754.jpg?impolicy=wowsmkqiema&w=260&h=260,$4.70,$23.50 / 1KG,,, Add to cart , Save to list 
Woolworths Balsamic Vinegar 500ml,https://www.woolworths.com.au/shop/productdetails/256878/woolworths-balsamic-vinegar,https://assets.woolworths.com.au/images/1005/256878.jpg?impolicy=wowsmkqiema&w=260&h=260,$2.70,$0.54 / 100ML,,, Add to cart , Save to list 
Woolworths Sweet Chilli Sauce 700ml,https://www.woolworths.com.au/shop/productdetails/563932/woolworths-sweet-chilli-sauce,https://assets.woolworths.com.au/images/1005/563932.jpg?impolicy=wowsmkqiema&w=260&h=260,$2.95,$0.42 / 100ML,4.1,582, Add to cart , Save to list 
Masterfoods Satay Chicken Stir Fry Recipe Base 175g,https://www.woolworths.com.au/shop/productdetails/345635/masterfoods-satay-chicken-stir-fry-recipe-base,https://assets.woolworths.com.au/images/1005/345635.jpg?impolicy=wowsmkqiema&w=260&h=260,$2.80,$1.60 / 100G,,, Add to cart , Save to list 
Pureharvest Almond Milk Unsweetened 1l,https://www.woolworths.com.au/shop/productdetails/858008/pureharvest-almond-milk-unsweetened,https://assets.woolworths.com.au/images/1005/858008.jpg?impolicy=wowsmkqiema&w=260&h=260,$3.10,$3.10 / 1L,,, Add to cart , Save to list 
Sunrice Low Gi White Microwave Cup 250g,https://www.woolworths.com.au/shop/productdetails/36140/sunrice-low-gi-white-microwave-cup,https://assets.woolworths.com.au/images/1005/36140.jpg?impolicy=wowsmkqiema&w=260&h=260,$3.50,$1.40 / 100G,,, Add to cart , Save to list 
Campbell's Condensed Soup Cream Of Asparagus 420g,https://www.woolworths.com.au/shop/productdetails/36668/campbell-s-condensed-soup-cream-of-asparagus,https://assets.woolworths.com.au/images/1005/36668.jpg?impolicy=wowsmkqiema&w=260&h=260,$2.00,$0.48 / 100G,,, Add to cart , Save to list 
John West Protein+ Vitamin B12 Tuna Capsicum & Basil With Crackers 94g,https://www.woolworths.com.au/shop/productdetails/236188/john-west-protein-vitamin-b12-tuna-capsicum-basil-with-crackers,https://assets.woolworths.com.au/images/1005/236188.jpg?impolicy=wowsmkqiema&w=260&h=260,$3.00,$31.91 / 1KG,,, Add to cart , Save to list 
The Spice Tailor Classic Tarka Daal 500g,https://www.woolworths.com.au/shop/productdetails/578151/the-spice-tailor-classic-tarka-daal,https://assets.woolworths.com.au/images/1005/578151.jpg?impolicy=wowsmkqiema&w=260&h=260,$3.10,$0.62 / 100G,,, Add to cart , Save to list 
Woolworths Mexican Style Tuna Salad 185g,https://www.woolworths.com.au/shop/productdetails/820407/woolworths-mexican-style-tuna-salad,https://assets.woolworths.com.au/images/1005/820407.jpg?impolicy=wowsmkqiema&w=260&h=260,$2.95,$15.95 / 1KG,3.9,586, Add to cart , Save to list 
Robert Timms Mocha Kenya Style Coffee Bags 28 Pack,https://www.woolworths.com.au/shop/productdetails/283137/robert-timms-mocha-kenya-style-coffee-bags,https://assets.woolworths.com.au/images/1005/283137.jpg?impolicy=wowsmkqiema&w=260&h=260,$13.50,$0.48 / 1EA,,, Add to cart , Save to list 
Woolworths Cous Cous 500g,https://www.woolworths.com.au/shop/productdetails/720060/woolworths-cous-cous,https://assets.woolworths.com.au/images/1005/720060.jpg?impolicy=wowsmkqiema&w=260&h=260,$2.00,$0.40 / 100G,4.4,728, Add to cart , Save to list 
Altimate Extra Thick Ice Cream Wafers 80g,https://www.woolworths.com.au/shop/productdetails/160683/altimate-extra-thick-ice-cream-wafers,https://assets.woolworths.com.au/images/1005/160683.jpg?impolicy=wowsmkqiema&w=260&h=260,$3.00,$3.75 / 100G,,, Add to cart , Save to list 
Uncle Tobys Oats Quick Sachets Creamy Honey Porridge 350g,https://www.woolworths.com.au/shop/productdetails/148364/uncle-tobys-oats-quick-sachets-creamy-honey-porridge,https://assets.woolworths.com.au/images/1005/148364.jpg?impolicy=wowsmkqiema&w=260&h=260,$5.00,$1.43 / 100G,5.0,1, Add to cart , Save to list 
Chacheer Sunflower Seeds Spiced 228g,https://www.woolworths.com.au/shop/productdetails/830259/chacheer-sunflower-seeds-spiced,https://assets.woolworths.com.au/images/1005/830259.jpg?impolicy=wowsmkqiema&w=260&h=260,$4.00,$1.75 / 100G,,, Add to cart , Save to list 
Fehlbergs Sandwich Stackers 500g,https://www.woolworths.com.au/shop/productdetails/691961/fehlbergs-sandwich-stackers,https://assets.woolworths.com.au/images/1005/691961.jpg?impolicy=wowsmkqiema&w=260&h=260,$5.00,$10.00 / 1KG,,, Add to cart , Save to list 
Heinz Spaghetti Extra Cheesy Pasta Tinned Spaghetti Cheese 535g,https://www.woolworths.com.au/shop/productdetails/698736/heinz-spaghetti-extra-cheesy-pasta-tinned-spaghetti-cheese,https://assets.woolworths.com.au/images/1005/698736.jpg?impolicy=wowsmkqiema&w=260&h=260,$3.50,$0.65 / 100G,,, Add to cart , Save to list 
Heinz Beanz Baked Beans In Tomato Sauce 300g,https://www.woolworths.com.au/shop/productdetails/625156/heinz-beanz-baked-beans-in-tomato-sauce,https://assets.woolworths.com.au/images/1005/625156.jpg?impolicy=wowsmkqiema&w=260&h=260,$2.80,$0.93 / 100G,,, Add to cart , Save to list 
Sanitarium Up&go Liquid Breakfast Banana 12 Pack,https://www.woolworths.com.au/shop/productdetails/765982/sanitarium-up-go-liquid-breakfast-banana,https://assets.woolworths.com.au/images/1005/765982.jpg?impolicy=wowsmkqiema&w=260&h=260,$15.80,$5.27 / 1L,5.0,1, Add to cart , Save to list 
Woolworths Paprika Smoked 30g,https://www.woolworths.com.au/shop/productdetails/251131/woolworths-paprika-smoked,https://assets.woolworths.com.au/images/1005/251131.jpg?impolicy=wowsmkqiema&w=260&h=260,$2.00,$0.67 / 10G,4.5,635, Add to cart , Save to list 
Dolmio Extra Italian Herbs Tomato Pasta Sauce 500g,https://www.woolworths.com.au/shop/productdetails/758314/dolmio-extra-italian-herbs-tomato-pasta-sauce,https://assets.woolworths.com.au/images/1005/758314.jpg?impolicy=wowsmkqiema&w=260&h=260,$3.10,$0.62 / 100G,,, Add to cart , Save to list 
John West Salmon Red 415g,https://www.woolworths.com.au/shop/productdetails/2623/john-west-salmon-red,https://assets.woolworths.com.au/images/1005/2623.jpg?impolicy=wowsmkqiema&w=260&h=260,$13.00,$31.33 / 1KG,,, Add to cart , Save to list 
Robert Timms Instant Coffee Premium Full-bodied 500g,https://www.woolworths.com.au/shop/productdetails/360276/robert-timms-instant-coffee-premium-full-bodied,https://assets.woolworths.com.au/images/1005/360276.jpg?impolicy=wowsmkqiema&w=260&h=260,$20.00,$4.00 / 100G,,, Add to cart , Save to list 
Annalisa Chickpeas 400g,https://www.woolworths.com.au/shop/productdetails/178262/annalisa-chickpeas,https://assets.woolworths.com.au/images/1005/178262.jpg?impolicy=wowsmkqiema&w=260&h=260,$1.40,$0.35 / 100G,,, Add to cart , Save to list 
Trident Sriracha Hot Chilli Sauce 480ml,https://www.woolworths.com.au/shop/productdetails/242199/trident-sriracha-hot-chilli-sauce,https://assets.woolworths.com.au/images/1005/242199.jpg?impolicy=wowsmkqiema&w=260&h=260,$5.00,$1.04 / 100ML,,, Add to cart , Save to list 
Wokka Rice Noodles 440g,https://www.woolworths.com.au/shop/productdetails/20439/wokka-rice-noodles,https://assets.woolworths.com.au/images/1005/20439.jpg?impolicy=wowsmkqiema&w=260&h=260,$2.70,$0.61 / 100G,,, Add to cart , Save to list 
Mutti Parma Sugo Semplice Parmigiano Reggiano Pasta Sauce 400g,https://www.woolworths.com.au/shop/productdetails/81712/mutti-parma-sugo-semplice-parmigiano-reggiano-pasta-sauce,https://assets.woolworths.com.au/images/1005/81712.jpg?impolicy=wowsmkqiema&w=260&h=260,$4.00,$1.00 / 100G,,, Add to cart , Save to list 
Woolworths Buttermilk Pancake Shaker 350g,https://www.woolworths.com.au/shop/productdetails/674571/woolworths-buttermilk-pancake-shaker,https://assets.woolworths.com.au/images/1005/674571.jpg?impolicy=wowsmkqiema&w=260&h=260,$1.80,$0.51 / 100G,4.4,939, Add to cart , Save to list 
Australian Organic Food Co 100% Australian Organic Tomato & Basil Soup Pouch 330g,https://www.woolworths.com.au/shop/productdetails/85776/australian-organic-food-co-100-australian-organic-tomato-basil-soup-pouch,https://assets.woolworths.com.au/images/1005/85776.jpg?impolicy=wowsmkqiema&w=260&h=260,$4.50,$1.36 / 100G,3.9,493, Add to cart , Save to list 
Lucky Sunflower Kernels 200g,https://www.woolworths.com.au/shop/productdetails/290369/lucky-sunflower-kernels,https://assets.woolworths.com.au/images/1005/290369.jpg?impolicy=wowsmkqiema&w=260&h=260,$2.15,$10.75 / 1KG,,, Add to cart , Save to list 
Sun Rice Japanese Style Sushi Rice 1kg,https://www.woolworths.com.au/shop/productdetails/251758/sun-rice-japanese-style-sushi-rice,https://assets.woolworths.com.au/images/1005/251758.jpg?impolicy=wowsmkqiema&w=260&h=260,$4.70,$0.47 / 100G,,, Add to cart , Save to list 
San Remo Bows Ties Pasta No 23 500g,https://www.woolworths.com.au/shop/productdetails/48900/san-remo-bows-ties-pasta-no-23,https://assets.woolworths.com.au/images/1005/48900.jpg?impolicy=wowsmkqiema&w=260&h=260,$2.95,$0.59 / 100G,,, Add to cart , Save to list 
Kellogg's Coco Pops Chocolatey Breakfast Cereal 375g,https://www.woolworths.com.au/shop/productdetails/701705/kelloggs-coco-pops-chocolatey-breakfast-cereal,https://assets.woolworths.com.au/images/1005/701705.jpg?impolicy=wowsmkqiema&w=260&h=260,$3.50,$0.93 / 100G,,, Add to cart , Save to list 
Sanitarium So Good Long Life Original Almond Milk 1l,https://www.woolworths.com.au/shop/productdetails/710014/sanitarium-so-good-long-life-original-almond-milk,https://assets.woolworths.com.au/images/1005/710014.jpg?impolicy=wowsmkqiema&w=260&h=260,$2.90,$2.90 / 1L,,, Add to cart , Save to list 
Safcol Tuna Pouch Red Beans & Quinoa 160g,https://www.woolworths.com.au/shop/productdetails/63967/safcol-tuna-pouch-red-beans-quinoa,https://assets.woolworths.com.au/images/1005/63967.jpg?impolicy=wowsmkqiema&w=260&h=260,$3.00,$18.75 / 1KG,,, Add to cart , Save to list 
Masterfoods Finely Crushed Garlic 170g,https://www.woolworths.com.au/shop/productdetails/9096/masterfoods-finely-crushed-garlic,https://assets.woolworths.com.au/images/1005/9096.jpg?impolicy=wowsmkqiema&w=260&h=260,$2.70,$0.16 / 10G,,, Add to cart , Save to list 
Pandaroo Vermicelli Brown Rice 200g,https://www.woolworths.com.au/shop/productdetails/789413/pandaroo-vermicelli-brown-rice,https://assets.woolworths.com.au/images/1005/789413.jpg?impolicy=wowsmkqiema&w=260&h=260,$2.20,$1.10 / 100G,,, Add to cart , Save to list 
Woolworths Raisins 375g,https://www.woolworths.com.au/shop/productdetails/726364/woolworths-raisins,https://assets.woolworths.com.au/images/1005/726364.jpg?impolicy=wowsmkqiema&w=260&h=260,$3.75,$10.00 / 1KG,4.3,263, Add to cart , Save to list 
Lion Classic Scone Mix 535g,https://www.woolworths.com.au/shop/productdetails/381389/lion-classic-scone-mix,https://assets.woolworths.com.au/images/1005/381389.jpg?impolicy=wowsmkqiema&w=260&h=260,$3.70,$6.92 / 1KG,,, Add to cart , Save to list 
Masterfoods Pepper Steak Seasoning 35g,https://www.woolworths.com.au/shop/productdetails/93055/masterfoods-pepper-steak-seasoning,https://assets.woolworths.com.au/images/1005/93055.jpg?impolicy=wowsmkqiema&w=260&h=260,$4.20,$1.20 / 10G,,, Add to cart , Save to list 
Sunrice Brown Rice Steamed Organic 250g,https://www.woolworths.com.au/shop/productdetails/765407/sunrice-brown-rice-steamed-organic,https://assets.woolworths.com.au/images/1005/765407.jpg?impolicy=wowsmkqiema&w=260&h=260,$3.50,$1.40 / 100G,,, Add to cart , Save to list 
Woolworths Panko Bread Crumbs 220g,https://www.woolworths.com.au/shop/productdetails/83295/woolworths-panko-bread-crumbs,https://assets.woolworths.com.au/images/1005/83295.jpg?impolicy=wowsmkqiema&w=260&h=260,$2.30,$1.05 / 100G,4.6,1144, Add to cart , Save to list 
Macro Organic Penne Pasta 500g,https://www.woolworths.com.au/shop/productdetails/215448/macro-organic-penne-pasta,https://assets.woolworths.com.au/images/1005/215448.jpg?impolicy=wowsmkqiema&w=260&h=260,$1.65,$0.33 / 100G,,, Add to cart , Save to list 
Woolworths Wholemeal Self Raising Flour 1kg,https://www.woolworths.com.au/shop/productdetails/535606/woolworths-wholemeal-self-raising-flour,https://assets.woolworths.com.au/images/1005/535606.jpg?impolicy=wowsmkqiema&w=260&h=260,$2.00,$2.00 / 1KG,4.7,989, Add to cart , Save to list 
Heinz Smokey Bbq Sauce Barbecue Sauce 500ml,https://www.woolworths.com.au/shop/productdetails/683110/heinz-smokey-bbq-sauce-barbecue-sauce,https://assets.woolworths.com.au/images/1005/683110.jpg?impolicy=wowsmkqiema&w=260&h=260,$4.50,$0.90 / 100ML,,, Add to cart , Save to list 
La Zuppa Soup Pouch Rustic Vegetable 540g,https://www.woolworths.com.au/shop/productdetails/750394/la-zuppa-soup-pouch-rustic-vegetable-rustic-vegetable,https://assets.woolworths.com.au/images/1005/750394.jpg?impolicy=wowsmkqiema&w=260&h=260,$5.50,$1.02 / 100G,,, Add to cart , Save to list 
Macro Organic Lentils 425g,https://www.woolworths.com.au/shop/productdetails/771216/macro-organic-lentils,https://assets.woolworths.com.au/images/1005/771216.jpg?impolicy=wowsmkqiema&w=260&h=260,$1.50,$0.35 / 100G,4.3,599, Add to cart , Save to list 
Sanitarium So Good Barista Edition Oat Milk 1l,https://www.woolworths.com.au/shop/productdetails/83273/sanitarium-so-good-barista-edition-oat-milk,https://assets.woolworths.com.au/images/1005/83273.jpg?impolicy=wowsmkqiema&w=260&h=260,$4.00,$4.00 / 1L,,, Add to cart , Save to list 
Saxa Ground Black Pepper 50g,https://www.woolworths.com.au/shop/productdetails/98800/saxa-ground-black-pepper-picnic-pack,https://assets.woolworths.com.au/images/1005/98800.jpg?impolicy=wowsmkqiema&w=260&h=260,$4.20,$0.84 / 10G,,, Add to cart , Save to list 
Uncle Tobys Oats Quick Rolled Oats Porridge 1kg,https://www.woolworths.com.au/shop/productdetails/37562/uncle-tobys-oats-quick-rolled-oats-porridge,https://assets.woolworths.com.au/images/1005/37562.jpg?impolicy=wowsmkqiema&w=260&h=260,$6.50,$0.65 / 100G,,, Add to cart , Save to list 
Csr Golden Syrup 850g,https://www.woolworths.com.au/shop/productdetails/98328/csr-golden-syrup,https://assets.woolworths.com.au/images/1005/98328.jpg?impolicy=wowsmkqiema&w=260&h=260,$5.55,$0.65 / 100G,,, Add to cart , Save to list 
Zafarelli Piccolo Pasta No 40 500g,https://www.woolworths.com.au/shop/productdetails/94849/zafarelli-piccolo-pasta-no-40,https://assets.woolworths.com.au/images/1005/94849.jpg?impolicy=wowsmkqiema&w=260&h=260,$1.85,$0.37 / 100G,,, Add to cart , Save to list 
Maggi 2 Minute Instant Cup Noodle Chicken 60g,https://www.woolworths.com.au/shop/productdetails/224905/maggi-2-minute-instant-cup-noodle-chicken,https://assets.woolworths.com.au/images/1005/224905.jpg?impolicy=wowsmkqiema&w=260&h=260,$1.50,$2.59 / 100G,,, Add to cart , Save to list 
Moccona Freeze Dried Instant Coffee Classic Medium Roast 200g,https://www.woolworths.com.au/shop/productdetails/35681/moccona-freeze-dried-instant-coffee-classic-medium-roast,https://assets.woolworths.com.au/images/1005/35681.jpg?impolicy=wowsmkqiema&w=260&h=260,$12.50,$6.25 / 100G,,, Add to cart , Save to list 
Stubb's Original Bbq Sauce Sauce 510g,https://www.woolworths.com.au/shop/productdetails/733355/stubb-s-original-bbq-sauce-sauce,https://assets.woolworths.com.au/images/1005/733355.jpg?impolicy=wowsmkqiema&w=260&h=260,$7.50,$1.47 / 100G,,, Add to cart , Save to list 
Hart & Soul All Natural Teriyaki Stir Fry Recipe Base 80g,https://www.woolworths.com.au/shop/productdetails/83820/hart-soul-all-natural-teriyaki-stir-fry-recipe-base,https://assets.woolworths.com.au/images/1005/83820.jpg?impolicy=wowsmkqiema&w=260&h=260,$2.50,$0.31 / 10G,,, Add to cart , Save to list 
La Zuppa Soup Pouch Roasted Pumpkin 540g,https://www.woolworths.com.au/shop/productdetails/750315/la-zuppa-soup-pouch-roasted-pumpkin-roasted-pumpkin,https://assets.woolworths.com.au/images/1005/750315.jpg?impolicy=wowsmkqiema&w=260&h=260,$5.50,$1.02 / 100G,,, Add to cart , Save to list 
Ayam Kecap Manis Sweet Soy Sauce 210ml,https://www.woolworths.com.au/shop/productdetails/683102/ayam-kecap-manis-sweet-soy-sauce,https://assets.woolworths.com.au/images/1005/683102.jpg?impolicy=wowsmkqiema&w=260&h=260,$3.50,$1.67 / 100ML,,, Add to cart , Save to list 
Continental Recipe Base Creamy Chicken Stroganoff 40g,https://www.woolworths.com.au/shop/productdetails/840089/continental-recipe-base-creamy-chicken-stroganoff,https://assets.woolworths.com.au/images/1005/840089.jpg?impolicy=wowsmkqiema&w=260&h=260,$1.80,$4.50 / 100G,,, Add to cart , Save to list 
John West Protein Plus Magnesium Tuna With Lime & Chilli 170g,https://www.woolworths.com.au/shop/productdetails/167376/john-west-protein-plus-magnesium-tuna-with-lime-chilli,https://assets.woolworths.com.au/images/1005/167376.jpg?impolicy=wowsmkqiema&w=260&h=260,$3.50,$20.59 / 1KG,,, Add to cart , Save to list 
Masterfoods Chinese Beef Stir Fry Recipe Base 175g,https://www.woolworths.com.au/shop/productdetails/172092/masterfoods-chinese-beef-stir-fry-recipe-base,https://assets.woolworths.com.au/images/1005/172092.jpg?impolicy=wowsmkqiema&w=260&h=260,$2.80,$1.60 / 100G,,, Add to cart , Save to list 
Kellogg's Nutri Grain Protein Breakfast Cereal 290g,https://www.woolworths.com.au/shop/productdetails/701706/kelloggs-nutri-grain-protein-breakfast-cereal,https://assets.woolworths.com.au/images/1005/701706.jpg?impolicy=wowsmkqiema&w=260&h=260,$5.00,$1.72 / 100G,,, Add to cart , Save to list 
Safcol No Nets Tuna In Springwater 185g,https://www.woolworths.com.au/shop/productdetails/236624/safcol-no-nets-tuna-in-springwater,https://assets.woolworths.com.au/images/1005/236624.jpg?impolicy=wowsmkqiema&w=260&h=260,$2.90,$15.68 / 1KG,,, Add to cart , Save to list 
Woolworths Whole Baby Carrots Baby 410g,https://www.woolworths.com.au/shop/productdetails/218900/woolworths-whole-baby-carrots-baby,https://assets.woolworths.com.au/images/1005/218900.jpg?impolicy=wowsmkqiema&w=260&h=260,$1.50,$3.66 / 1KG,3.4,449, Add to cart , Save to list 
Vegeta Beef Stock Cubes 60g,https://www.woolworths.com.au/shop/productdetails/82540/vegeta-beef-stock-cubes,https://assets.woolworths.com.au/images/1005/82540.jpg?impolicy=wowsmkqiema&w=260&h=260,$1.50,$0.25 / 10G,5.0,1, Add to cart , Save to list 
Kellogg's Rice Bubbles Puffed Rice Breakfast Cereal 250g,https://www.woolworths.com.au/shop/productdetails/701719/kelloggs-rice-bubbles-puffed-rice-breakfast-cereal,https://assets.woolworths.com.au/images/1005/701719.jpg?impolicy=wowsmkqiema&w=260&h=260,$4.20,$1.68 / 100G,,, Add to cart , Save to list 
Kewpie Japanese Mayonnaise 300g,https://www.woolworths.com.au/shop/productdetails/250311/kewpie-japanese-mayonnaise,https://assets.woolworths.com.au/images/1005/250311.jpg?impolicy=wowsmkqiema&w=260&h=260,$3.80,$1.27 / 100G,,, Add to cart , Save to list 
The Spice Tailor Thai Massaman Curry Kit 275g,https://www.woolworths.com.au/shop/productdetails/3414/the-spice-tailor-thai-massaman-curry-kit,https://assets.woolworths.com.au/images/1005/3414.jpg?impolicy=wowsmkqiema&w=260&h=260,$3.10,$1.13 / 100G,,, Add to cart , Save to list 
Heilala Baking Blend Vanilla Bean Paste 65g,https://www.woolworths.com.au/shop/productdetails/808850/heilala-baking-blend-vanilla-bean-paste,https://assets.woolworths.com.au/images/1005/808850.jpg?impolicy=wowsmkqiema&w=260&h=260,$6.80,$10.46 / 100G,,, Add to cart , Save to list 
Masterfoods Garlic & Herb Salt 62g,https://www.woolworths.com.au/shop/productdetails/50748/masterfoods-garlic-herb-salt,https://assets.woolworths.com.au/images/1005/50748.jpg?impolicy=wowsmkqiema&w=260&h=260,$3.00,$0.48 / 10G,,, Add to cart , Save to list 
Woolworths Camomile Tea 40 Pack,https://www.woolworths.com.au/shop/productdetails/690094/woolworths-camomile-tea,https://assets.woolworths.com.au/images/1005/690094.jpg?impolicy=wowsmkqiema&w=260&h=260,$1.75,$0.04 / 1EA,4.1,541, Add to cart , Save to list 
John West Calcium Rich Tuna Lemon & Cracked Pepper 90g,https://www.woolworths.com.au/shop/productdetails/157450/john-west-calcium-rich-tuna-lemon-cracked-pepper,https://assets.woolworths.com.au/images/1005/157450.jpg?impolicy=wowsmkqiema&w=260&h=260,$1.75,$19.44 / 1KG,,, Add to cart , Save to list 
Cottee's Ice Magic Chocolate Ice Cream Topping 220g,https://www.woolworths.com.au/shop/productdetails/33278/cottees-ice-magic-chocolate-ice-cream-topping,https://assets.woolworths.com.au/images/1005/33278.jpg?impolicy=wowsmkqiema&w=260&h=260,$4.50,$2.05 / 100G,,, Add to cart , Save to list 
Sanitarium Up&go Liquid Breakfast Vanilla Ice 6 Pack,https://www.woolworths.com.au/shop/productdetails/201407/sanitarium-up-go-liquid-breakfast-vanilla-ice,https://assets.woolworths.com.au/images/1005/201407.jpg?impolicy=wowsmkqiema&w=260&h=260,$10.50,$7.00 / 1L,,, Add to cart , Save to list 
Vetta Rural Aid Penne Pasta Value Pack 750g,https://www.woolworths.com.au/shop/productdetails/112440/vetta-rural-aid-penne-pasta-value-pack,https://assets.woolworths.com.au/images/1005/112440.jpg?impolicy=wowsmkqiema&w=260&h=260,$2.50,$0.33 / 100G,,, Add to cart , Save to list 
Continental Cup A Soup Creamy Mushroom With Croutons 2 Pack 50g,https://www.woolworths.com.au/shop/productdetails/166239/continental-cup-a-soup-creamy-mushroom-with-croutons-2-pack,https://assets.woolworths.com.au/images/1005/166239.jpg?impolicy=wowsmkqiema&w=260&h=260,$2.80,$5.60 / 100G,,, Add to cart , Save to list 
San Remo La Pasta Creamy Bacon Single Snack 80g,https://www.woolworths.com.au/shop/productdetails/96731/san-remo-la-pasta-creamy-bacon-single-snack,https://assets.woolworths.com.au/images/1005/96731.jpg?impolicy=wowsmkqiema&w=260&h=260,$1.40,$1.75 / 100G,,, Add to cart , Save to list 
Cornwell's Apple Cider Vinegar Cider 2l,https://www.woolworths.com.au/shop/productdetails/32523/cornwell-s-apple-cider-vinegar-cider,https://assets.woolworths.com.au/images/1005/32523.jpg?impolicy=wowsmkqiema&w=260&h=260,$5.50,$0.28 / 100ML,,, Add to cart , Save to list 
Mckenzie's Baking Powder 125g,https://www.woolworths.com.au/shop/productdetails/7932/mckenzie-s-baking-powder,https://assets.woolworths.com.au/images/1005/7932.jpg?impolicy=wowsmkqiema&w=260&h=260,$2.85,$2.28 / 100G,,, Add to cart , Save to list 
Woolworths Pitted Kalamata Olives 345g,https://www.woolworths.com.au/shop/productdetails/690365/woolworths-pitted-kalamata-olives,https://assets.woolworths.com.au/images/1005/690365.jpg?impolicy=wowsmkqiema&w=260&h=260,$3.00,$8.70 / 1KG,4.3,451, Add to cart , Save to list 
Maggi Teriyaki & Sesame Chicken Stir Fry 150g,https://www.woolworths.com.au/shop/productdetails/748338/maggi-teriyaki-sesame-chicken-stir-fry,https://assets.woolworths.com.au/images/1005/748338.jpg?impolicy=wowsmkqiema&w=260&h=260,$3.00,$2.00 / 100G,,, Add to cart , Save to list 
Heinz Soup Of The Day Thai Style Chicken & Chilli Soup Pouch 430g,https://www.woolworths.com.au/shop/productdetails/781560/heinz-soup-of-the-day-thai-style-chicken-chilli-soup-pouch,https://assets.woolworths.com.au/images/1005/781560.jpg?impolicy=wowsmkqiema&w=260&h=260,$4.50,$1.05 / 100G,,, Add to cart , Save to list 
John West Salmon Chilli 95g,https://www.woolworths.com.au/shop/productdetails/167105/john-west-salmon-chilli,https://assets.woolworths.com.au/images/1005/167105.jpg?impolicy=wowsmkqiema&w=260&h=260,$2.90,$30.53 / 1KG,,, Add to cart , Save to list 
Starbucks By Nespresso Single Origin Sumatra Coffee Pods 10 Pack,https://www.woolworths.com.au/shop/productdetails/59695/starbucks-by-nespresso-single-origin-sumatra-coffee-pods,https://assets.woolworths.com.au/images/1005/59695.jpg?impolicy=wowsmkqiema&w=260&h=260,$7.90,$0.79 / 1EA,,, Add to cart , Save to list 
Cloverdale Pure Honey Squeeze 400g,https://www.woolworths.com.au/shop/productdetails/89160/cloverdale-pure-honey-squeeze,https://assets.woolworths.com.au/images/1005/89160.jpg?impolicy=wowsmkqiema&w=260&h=260,$4.80,$1.20 / 100G,4.2,925, Add to cart , Save to list 
Edgell Four Bean Mix Picked & Soaked Canned Legumes 400g,https://www.woolworths.com.au/shop/productdetails/584285/edgell-four-bean-mix-picked-soaked-canned-legumes,https://assets.woolworths.com.au/images/1005/584285.jpg?impolicy=wowsmkqiema&w=260&h=260,$1.50,$3.75 / 1KG,,, Add to cart , Save to list 
Maggi 2 Minute Instant Noodles Chicken 5 Pack,https://www.woolworths.com.au/shop/productdetails/343890/maggi-2-minute-instant-noodles-chicken,https://assets.woolworths.com.au/images/1005/343890.jpg?impolicy=wowsmkqiema&w=260&h=260,$5.00,$1.39 / 100G,,, Add to cart , Save to list 
Sea Friend Wasabi Seasoned Seaweed 8 Pack,https://www.woolworths.com.au/shop/productdetails/102957/sea-friend-wasabi-seasoned-seaweed,https://assets.woolworths.com.au/images/1005/102957.jpg?impolicy=wowsmkqiema&w=260&h=260,$5.00,$12.50 / 100G,,, Add to cart , Save to list 
Macro Organic Black Bean No Added Salt 420g,https://www.woolworths.com.au/shop/productdetails/663584/macro-organic-black-bean-no-added-salt,https://assets.woolworths.com.au/images/1005/663584.jpg?impolicy=wowsmkqiema&w=260&h=260,$1.50,$0.36 / 100G,,, Add to cart , Save to list 
Essentials Olive Oil 500ml,https://www.woolworths.com.au/shop/productdetails/698862/essentials-olive-oil,https://assets.woolworths.com.au/images/1005/698862.jpg?impolicy=wowsmkqiema&w=260&h=260,$4.00,$0.80 / 100ML,,, Add to cart , Save to list 
Edgell Baby Peas & Corn Baby Peas & Super Sweet Corn 420g,https://www.woolworths.com.au/shop/productdetails/43701/edgell-baby-peas-corn-baby-peas-super-sweet-corn,https://assets.woolworths.com.au/images/1005/43701.jpg?impolicy=wowsmkqiema&w=260&h=260,$2.50,$5.95 / 1KG,,, Add to cart , Save to list 
Kellogg's Rice Bubbles Puffed Rice Breakfast Cereal 860g,https://www.woolworths.com.au/shop/productdetails/203930/kelloggs-rice-bubbles-puffed-rice-breakfast-cereal,https://assets.woolworths.com.au/images/1005/203930.jpg?impolicy=wowsmkqiema&w=260&h=260,$9.50,$1.10 / 100G,,, Add to cart , Save to list 
Sanitarium So Good Barista Edition Almond Milk 1l,https://www.woolworths.com.au/shop/productdetails/83836/sanitarium-so-good-barista-edition-almond-milk,https://assets.woolworths.com.au/images/1005/83836.jpg?impolicy=wowsmkqiema&w=260&h=260,$4.00,$4.00 / 1L,,, Add to cart , Save to list 
Essentials Breadcrumbs 750g,https://www.woolworths.com.au/shop/productdetails/879124/essentials-breadcrumbs,https://assets.woolworths.com.au/images/1005/879124.jpg?impolicy=wowsmkqiema&w=260&h=260,$2.55,$0.34 / 100G,4.4,380, Add to cart , Save to list 
Brunswick Sardines With Lemon &thyme 120g,https://www.woolworths.com.au/shop/productdetails/804025/brunswick-sardines-with-lemon-thyme,https://assets.woolworths.com.au/images/1005/804025.jpg?impolicy=wowsmkqiema&w=260&h=260,$3.20,$26.67 / 1KG,,, Add to cart , Save to list 
﻿Mcvitie's Go Ahead Crispy Slices Sultana & Forest Fruit (5x3p) 218g,https://www.woolworths.com.au/shop/productdetails/830601/mcvitie-s-go-ahead-crispy-slices-sultana-forest-fruit-5x3p-,https://assets.woolworths.com.au/images/1005/830601.jpg?impolicy=wowsmkqiema&w=260&h=260,$2.20,$1.01 / 100G,,, Add to cart , Save to list 
Australia's Own Barista Almond 1l,https://www.woolworths.com.au/shop/productdetails/64810/australia-s-own-barista-almond,https://assets.woolworths.com.au/images/1005/64810.jpg?impolicy=wowsmkqiema&w=260&h=260,$3.60,$3.60 / 1L,,, Add to cart , Save to list 
Heilala Vanilla Extract With Seeds 50ml,https://www.woolworths.com.au/shop/productdetails/108762/heilala-vanilla-extract-with-seeds,https://assets.woolworths.com.au/images/1005/108762.jpg?impolicy=wowsmkqiema&w=260&h=260,$6.80,$13.60 / 100ML,,, Add to cart , Save to list 
Macro Organic Gluten Free Spaghetti 350g,https://www.woolworths.com.au/shop/productdetails/68980/macro-organic-gluten-free-spaghetti,https://assets.woolworths.com.au/images/1005/68980.jpg?impolicy=wowsmkqiema&w=260&h=260,$3.70,$1.06 / 100G,4.1,605, Add to cart , Save to list 
Continental Classics Pasta & Sauce Creamy Bacon Carbonara Family Pack 145g,https://www.woolworths.com.au/shop/productdetails/761509/continental-classics-pasta-sauce-creamy-bacon-carbonara-family-pack,https://assets.woolworths.com.au/images/1005/761509.jpg?impolicy=wowsmkqiema&w=260&h=260,$3.50,$2.41 / 100G,,, Add to cart , Save to list 
Kan Tong Teriyaki Chicken Meal Base Pouch 175g,https://www.woolworths.com.au/shop/productdetails/656969/kan-tong-teriyaki-chicken-meal-base-pouch,https://assets.woolworths.com.au/images/1005/656969.jpg?impolicy=wowsmkqiema&w=260&h=260,$3.50,$2.00 / 100G,,, Add to cart , Save to list 
Stagg Dynamite Hot Chili With Beans 425g,https://www.woolworths.com.au/shop/productdetails/808574/stagg-dynamite-hot-chili-with-beans,https://assets.woolworths.com.au/images/1005/808574.jpg?impolicy=wowsmkqiema&w=260&h=260,$4.40,$1.04 / 100G,,, Add to cart , Save to list 
Woolworths Apricot Dried 500g,https://www.woolworths.com.au/shop/productdetails/18158/woolworths-apricot-dried,https://assets.woolworths.com.au/images/1005/18158.jpg?impolicy=wowsmkqiema&w=260&h=260,$6.00,$12.00 / 1KG,4.5,234, Add to cart , Save to list 
Woolworths Crispy Rice Pops 370g,https://www.woolworths.com.au/shop/productdetails/202801/woolworths-crispy-rice-pops,https://assets.woolworths.com.au/images/1005/202801.jpg?impolicy=wowsmkqiema&w=260&h=260,$2.25,$0.61 / 100G,,, Add to cart , Save to list 
Heinz Classic Sweet Potato & Pumpkin Soup Vegetarian Ready Meals 535g,https://www.woolworths.com.au/shop/productdetails/750412/heinz-classic-sweet-potato-pumpkin-soup-vegetarian-ready-meals,https://assets.woolworths.com.au/images/1005/750412.jpg?impolicy=wowsmkqiema&w=260&h=260,$3.50,$0.65 / 100G,,, Add to cart , Save to list 
Natural Ceramic Grinder Himalayan Rock Salt 100g,https://www.woolworths.com.au/shop/productdetails/445342/natural-ceramic-grinder-himalayan-rock-salt,https://assets.woolworths.com.au/images/1005/445342.jpg?impolicy=wowsmkqiema&w=260&h=260,$4.50,$0.45 / 10G,,, Add to cart , Save to list 
La Molisana Pastificio Extra Di Lusso Wholewheat Spaghetti 500g,https://www.woolworths.com.au/shop/productdetails/74798/la-molisana-pastificio-extra-di-lusso-wholewheat-spaghetti,https://assets.woolworths.com.au/images/1005/74798.jpg?impolicy=wowsmkqiema&w=260&h=260,$3.50,$0.70 / 100G,4.3,621, Add to cart , Save to list 
Tayto Cheese & Onion Crisps 45g,https://www.woolworths.com.au/shop/productdetails/108065/tayto-cheese-onion-crisps,https://assets.woolworths.com.au/images/1005/108065.jpg?impolicy=wowsmkqiema&w=260&h=260,$2.90,$6.90 / 100G,,, Add to cart , Save to list 
Vitasoy Prebiotic Oat Milk 1l,https://www.woolworths.com.au/shop/productdetails/83494/vitasoy-prebiotic-oat-milk,https://assets.woolworths.com.au/images/1005/83494.jpg?impolicy=wowsmkqiema&w=260&h=260,$2.80,$2.80 / 1L,,, Add to cart , Save to list 
Aeroplane Ready To Eat Jelly Cup Snack Raspberry Flavour 120g,https://www.woolworths.com.au/shop/productdetails/754521/aeroplane-ready-to-eat-jelly-cup-snack-raspberry-flavour,https://assets.woolworths.com.au/images/1005/754521.jpg?impolicy=wowsmkqiema&w=260&h=260,$1.40,$1.17 / 100G,,, Add to cart , Save to list 
Always Fresh Sundried Tomatoes Strips 670g,https://www.woolworths.com.au/shop/productdetails/172087/always-fresh-sundried-tomatoes-strips,https://assets.woolworths.com.au/images/1005/172087.jpg?impolicy=wowsmkqiema&w=260&h=260,$9.40,$1.40 / 100G,,, Add to cart , Save to list 
Edgell Snack Time Chickpeas With Zesty Vinaigrette 70g,https://www.woolworths.com.au/shop/productdetails/65618/edgell-snack-time-chickpeas-with-zesty-vinaigrette,https://assets.woolworths.com.au/images/1005/65618.jpg?impolicy=wowsmkqiema&w=260&h=260,$1.60,$2.29 / 100G,,, Add to cart , Save to list 
Abc Sweet Soy Sauce Kecap Manis 620ml,https://www.woolworths.com.au/shop/productdetails/40327/abc-sweet-soy-sauce-kecap-manis,https://assets.woolworths.com.au/images/1005/40327.jpg?impolicy=wowsmkqiema&w=260&h=260,$5.60,$0.90 / 100ML,,, Add to cart , Save to list 
Fountain Soy And Honey Sauce 250ml,https://www.woolworths.com.au/shop/productdetails/757750/fountain-soy-and-honey-sauce-sauce,https://assets.woolworths.com.au/images/1005/757750.jpg?impolicy=wowsmkqiema&w=260&h=260,$3.50,$1.40 / 100ML,,, Add to cart , Save to list 
King Oscar Sardines Tomato Sauce Single Layer 105g,https://www.woolworths.com.au/shop/productdetails/33459/king-oscar-sardines-tomato-sauce-single-layer,https://assets.woolworths.com.au/images/1005/33459.jpg?impolicy=wowsmkqiema&w=260&h=260,$3.05,$29.05 / 1KG,,, Add to cart , Save to list 
Uncle Tobys Oats Traditional Rolled Oats Porridge 500g,https://www.woolworths.com.au/shop/productdetails/37678/uncle-tobys-oats-traditional-rolled-oats-porridge,https://assets.woolworths.com.au/images/1005/37678.jpg?impolicy=wowsmkqiema&w=260&h=260,$2.25,$0.45 / 100G,,, Add to cart , Save to list 
Edgell Sauerkraut Canned Vegetables Fermented 410g,https://www.woolworths.com.au/shop/productdetails/34126/edgell-sauerkraut-canned-vegetables-fermented,https://assets.woolworths.com.au/images/1005/34126.jpg?impolicy=wowsmkqiema&w=260&h=260,$3.60,$8.78 / 1KG,,, Add to cart , Save to list 
Masterfoods Recipe Base Tuscan Meatballs 175g,https://www.woolworths.com.au/shop/productdetails/223136/masterfoods-recipe-base-tuscan-meatballs,https://assets.woolworths.com.au/images/1005/223136.jpg?impolicy=wowsmkqiema&w=260&h=260,$2.80,$1.60 / 100G,,, Add to cart , Save to list 
Woolworths Garden Peas Green 420g,https://www.woolworths.com.au/shop/productdetails/218931/woolworths-garden-peas-green,https://assets.woolworths.com.au/images/1005/218931.jpg?impolicy=wowsmkqiema&w=260&h=260,$1.50,$3.57 / 1KG,2.9,702, Add to cart , Save to list 
Hart & Soul Coconut & Lentil Soup 400g,https://www.woolworths.com.au/shop/productdetails/438564/hart-soul-coconut-lentil-soup,https://assets.woolworths.com.au/images/1005/438564.jpg?impolicy=wowsmkqiema&w=260&h=260,$4.50,$1.13 / 100G,,, Add to cart , Save to list 
Kellogg's Sustain Original Breakfast Cereal 460g,https://www.woolworths.com.au/shop/productdetails/243805/kelloggs-sustain-original-breakfast-cereal,https://assets.woolworths.com.au/images/1005/243805.jpg?impolicy=wowsmkqiema&w=260&h=260,$6.00,$1.30 / 100G,,, Add to cart , Save to list 
Mckenzie's Tapioca Flour 300g,https://www.woolworths.com.au/shop/productdetails/820129/mckenzie-s-tapioca-flour,https://assets.woolworths.com.au/images/1005/820129.jpg?impolicy=wowsmkqiema&w=260&h=260,$4.00,$1.33 / 100G,,, Add to cart , Save to list 
Woolworths Wheat Biscuits 1.12kg,https://www.woolworths.com.au/shop/productdetails/333314/woolworths-wheat-biscuits,https://assets.woolworths.com.au/images/1005/333314.jpg?impolicy=wowsmkqiema&w=260&h=260,$4.60,$0.41 / 100G,4.4,1214, Add to cart , Save to list 
Sea Friend Spicy Kimchi Seasoned Seaweed 8 Pack,https://www.woolworths.com.au/shop/productdetails/103162/sea-friend-spicy-kimchi-seasoned-seaweed,https://assets.woolworths.com.au/images/1005/103162.jpg?impolicy=wowsmkqiema&w=260&h=260,$5.00,$12.50 / 100G,,, Add to cart , Save to list 
Woolworths Coconut Fine Desiccated 500g,https://www.woolworths.com.au/shop/productdetails/71324/woolworths-coconut-fine-desiccated,https://assets.woolworths.com.au/images/1005/71324.jpg?impolicy=wowsmkqiema&w=260&h=260,$3.60,$7.20 / 1KG,,, Add to cart , Save to list 
Orion Turtle Chips Choco Churros 160g,https://www.woolworths.com.au/shop/productdetails/167216/orion-turtle-chips-choco-churros,https://assets.woolworths.com.au/images/1005/167216.jpg?impolicy=wowsmkqiema&w=260&h=260,,,4.0,1,, Save to list 
Sanitarium Up&go Liquid Breakfast Strawberry 3 Pack,https://www.woolworths.com.au/shop/productdetails/23088/sanitarium-up-go-liquid-breakfast-strawberry,https://assets.woolworths.com.au/images/1005/23088.jpg?impolicy=wowsmkqiema&w=260&h=260,$5.60,$7.47 / 1L,,, Add to cart , Save to list 
Queen Fabulous Flamingo Sprinkles 110g,https://www.woolworths.com.au/shop/productdetails/84032/queen-fabulous-flamingo-sprinkles,https://assets.woolworths.com.au/images/1005/84032.jpg?impolicy=wowsmkqiema&w=260&h=260,$4.20,$3.82 / 100G,,, Add to cart , Save to list 
John West Calcium Rich Tuna Tomato & Onion 90g,https://www.woolworths.com.au/shop/productdetails/157955/john-west-calcium-rich-tuna-tomato-onion,https://assets.woolworths.com.au/images/1005/157955.jpg?impolicy=wowsmkqiema&w=260&h=260,$1.75,$19.44 / 1KG,,, Add to cart , Save to list 
Woolworths Peas & Carrots 420g,https://www.woolworths.com.au/shop/productdetails/218915/woolworths-peas-carrots,https://assets.woolworths.com.au/images/1005/218915.jpg?impolicy=wowsmkqiema&w=260&h=260,$1.40,$3.33 / 1KG,,, Add to cart , Save to list 
Zooper Dooper No Sugar 24 Pack,https://www.woolworths.com.au/shop/productdetails/180105/zooper-dooper-no-sugar,https://assets.woolworths.com.au/images/1005/180105.jpg?impolicy=wowsmkqiema&w=260&h=260,$6.50,$0.39 / 100ML,,, Add to cart , Save to list 
San Remo Gluten Free Spirals 350g,https://www.woolworths.com.au/shop/productdetails/657399/san-remo-gluten-free-spirals,https://assets.woolworths.com.au/images/1005/657399.jpg?impolicy=wowsmkqiema&w=260&h=260,$3.50,$1.00 / 100G,,, Add to cart , Save to list 
Woolworths Canned Diced Beetroot 425g,https://www.woolworths.com.au/shop/productdetails/668757/woolworths-canned-diced-beetroot,https://assets.woolworths.com.au/images/1005/668757.jpg?impolicy=wowsmkqiema&w=260&h=260,$1.75,$4.12 / 1KG,4.6,497, Add to cart , Save to list 
Woolworths Dressing 99% Free French 300ml,https://www.woolworths.com.au/shop/productdetails/251528/woolworths-dressing-99-free-french,https://assets.woolworths.com.au/images/1005/251528.jpg?impolicy=wowsmkqiema&w=260&h=260,$2.80,$0.93 / 100ML,4.4,852, Add to cart , Save to list 
Continental Cup A Soup Dutch Curry With Rice Serves 2 55g,https://www.woolworths.com.au/shop/productdetails/257657/continental-cup-a-soup-dutch-curry-with-rice-serves-2,https://assets.woolworths.com.au/images/1005/257657.jpg?impolicy=wowsmkqiema&w=260&h=260,$2.80,$5.09 / 100G,,, Add to cart , Save to list 
Leggo's Roasted Galic - Chunky Tomato & Onion Pasta Sauce 500g,https://www.woolworths.com.au/shop/productdetails/451923/leggo-s-roasted-galic-chunky-tomato-onion-pasta-sauce,https://assets.woolworths.com.au/images/1005/451923.jpg?impolicy=wowsmkqiema&w=260&h=260,$4.30,$0.86 / 100G,,, Add to cart , Save to list 
Maggi Gravy Mix Roast Meat 27g,https://www.woolworths.com.au/shop/productdetails/257411/maggi-gravy-mix-roast-meat,https://assets.woolworths.com.au/images/1005/257411.jpg?impolicy=wowsmkqiema&w=260&h=260,$1.25,$0.46 / 10G,,, Add to cart , Save to list 
Sanitarium So Good Barista Edition Soy Milk 1l,https://www.woolworths.com.au/shop/productdetails/83995/sanitarium-so-good-barista-edition-soy-milk,https://assets.woolworths.com.au/images/1005/83995.jpg?impolicy=wowsmkqiema&w=260&h=260,$3.00,$3.00 / 1L,,, Add to cart , Save to list 
Twinings English Breakfast Decaffeinated Tea Bags 40 Pack,https://www.woolworths.com.au/shop/productdetails/829581/twinings-english-breakfast-decaffeinated-tea-bags,https://assets.woolworths.com.au/images/1005/829581.jpg?impolicy=wowsmkqiema&w=260&h=260,$7.50,$0.19 / 1EA,,, Add to cart , Save to list 
La Molisana Pastifico Extra Di Lusso Linguine 500g,https://www.woolworths.com.au/shop/productdetails/74614/la-molisana-pastifico-extra-di-lusso-linguine,https://assets.woolworths.com.au/images/1005/74614.jpg?impolicy=wowsmkqiema&w=260&h=260,$4.00,$0.80 / 100G,4.5,421, Add to cart , Save to list 
Kan Tong Satay Chicken Meal Base Pouch 180g,https://www.woolworths.com.au/shop/productdetails/658460/kan-tong-satay-chicken-meal-base-pouch,https://assets.woolworths.com.au/images/1005/658460.jpg?impolicy=wowsmkqiema&w=260&h=260,$3.50,$1.94 / 100G,,, Add to cart , Save to list 
"Kan Tong Stir Fry Sauce Honey, Sesame & Garlic 520g",https://www.woolworths.com.au/shop/productdetails/758371/kan-tong-stir-fry-sauce-honey-sesame-garlic,https://assets.woolworths.com.au/images/1005/758371.jpg?impolicy=wowsmkqiema&w=260&h=260,$4.00,$0.77 / 100G,,, Add to cart , Save to list 
Katoomba Roti Bread 6 Pack,https://www.woolworths.com.au/shop/productdetails/221225/katoomba-roti-bread,https://assets.woolworths.com.au/images/1005/221225.jpg?impolicy=wowsmkqiema&w=260&h=260,$4.50,$1.15 / 100G,,, Add to cart , Save to list 
Promite Spread 290g,https://www.woolworths.com.au/shop/productdetails/38930/promite-promite-spread,https://assets.woolworths.com.au/images/1005/38930.jpg?impolicy=wowsmkqiema&w=260&h=260,$5.30,$1.83 / 100G,,, Add to cart , Save to list 
Queen Ultimate Sprinkles Glamour & Sparkle 115g,https://www.woolworths.com.au/shop/productdetails/803556/queen-ultimate-sprinkles-glamour-sparkle,https://assets.woolworths.com.au/images/1005/803556.jpg?impolicy=wowsmkqiema&w=260&h=260,$4.20,$3.65 / 100G,,, Add to cart , Save to list 
Sshmallows Cake Decoration Mallows Mini Assorted 100g,https://www.woolworths.com.au/shop/productdetails/307853/sshmallows-cake-decoration-mallows-mini-assorted,https://assets.woolworths.com.au/images/1005/307853.jpg?impolicy=wowsmkqiema&w=260&h=260,$2.00,$2.00 / 100G,,, Add to cart , Save to list 
The Sauce By Manu Peppercorn 150g,https://www.woolworths.com.au/shop/productdetails/66964/the-sauce-by-manu-peppercorn,https://assets.woolworths.com.au/images/1005/66964.jpg?impolicy=wowsmkqiema&w=260&h=260,$5.00,$3.33 / 100G,,, Add to cart , Save to list 
Barilla Bolognese Pasta Sauce 400g,https://www.woolworths.com.au/shop/productdetails/315578/barilla-bolognese-pasta-sauce-bolognese,https://assets.woolworths.com.au/images/1005/315578.jpg?impolicy=wowsmkqiema&w=260&h=260,$4.60,$1.15 / 100G,,, Add to cart , Save to list 
Old El Paso Stand N Stuff Mini Taco Kit 275g,https://www.woolworths.com.au/shop/productdetails/511956/old-el-paso-stand-n-stuff-mini-taco-kit,https://assets.woolworths.com.au/images/1005/511956.jpg?impolicy=wowsmkqiema&w=260&h=260,$6.00,$2.18 / 100G,,, Add to cart , Save to list 
Continental Cup A Soup Classic Hearty Beef 4 Pack,https://www.woolworths.com.au/shop/productdetails/32928/continental-cup-a-soup-classic-hearty-beef,https://assets.woolworths.com.au/images/1005/32928.jpg?impolicy=wowsmkqiema&w=260&h=260,$3.00,$5.45 / 100G,,, Add to cart , Save to list 
Erawan Rice Noodles Stick Pad Thai 200g,https://www.woolworths.com.au/shop/productdetails/313632/erawan-rice-noodles-stick-pad-thai,https://assets.woolworths.com.au/images/1005/313632.jpg?impolicy=wowsmkqiema&w=260&h=260,$2.20,$1.10 / 100G,,, Add to cart , Save to list 
Amoy Dark Soy Sauce Dark Soy 150ml,https://www.woolworths.com.au/shop/productdetails/743979/amoy-dark-soy-sauce-dark-soy,https://assets.woolworths.com.au/images/1005/743979.jpg?impolicy=wowsmkqiema&w=260&h=260,,,,,, Save to list 
Macro Organic Rolled Oats 500g,https://www.woolworths.com.au/shop/productdetails/700524/macro-organic-rolled-oats,https://assets.woolworths.com.au/images/1005/700524.jpg?impolicy=wowsmkqiema&w=260&h=260,$2.75,$0.55 / 100G,4.5,926, Add to cart , Save to list 
Barilla Pasta Fusilli 500g,https://www.woolworths.com.au/shop/productdetails/93383/barilla-pasta-fusilli-pasta-no-98,https://assets.woolworths.com.au/images/1005/93383.jpg?impolicy=wowsmkqiema&w=260&h=260,$3.50,$0.70 / 100G,,, Add to cart , Save to list 
Paramount Red Salmon 100g,https://www.woolworths.com.au/shop/productdetails/24946/paramount-red-salmon,https://assets.woolworths.com.au/images/1005/24946.jpg?impolicy=wowsmkqiema&w=260&h=260,$5.90,$59.00 / 1KG,,, Add to cart , Save to list 
Nerada Tea Bags 50 Pack 100g,https://www.woolworths.com.au/shop/productdetails/91963/nerada-tea-bags,https://assets.woolworths.com.au/images/1005/91963.jpg?impolicy=wowsmkqiema&w=260&h=260,$2.00,$0.04 / 1EA,5.0,1, Add to cart , Save to list 
Sanitarium Up&go Protein Energize Vanilla 250ml X12 Pack,https://www.woolworths.com.au/shop/productdetails/149568/sanitarium-up-go-protein-energize-vanilla,https://assets.woolworths.com.au/images/1005/149568.jpg?impolicy=wowsmkqiema&w=260&h=260,$15.80,$5.27 / 1L,,, Add to cart , Save to list 
Trident Chilli Sauce Sweet Chilli 730ml,https://www.woolworths.com.au/shop/productdetails/62664/trident-chilli-sauce-sweet-chilli,https://assets.woolworths.com.au/images/1005/62664.jpg?impolicy=wowsmkqiema&w=260&h=260,$5.50,$0.75 / 100ML,,, Add to cart , Save to list 
Dollar Sweets Jurassic Bitz 125g,https://www.woolworths.com.au/shop/productdetails/491631/dollar-sweets-jurassic-bitz,https://assets.woolworths.com.au/images/1005/491631.jpg?impolicy=wowsmkqiema&w=260&h=260,$3.00,$2.40 / 100G,,, Add to cart , Save to list 
S&w Mayonnaise Whole Egg 440g,https://www.woolworths.com.au/shop/productdetails/293958/s-w-mayonnaise-whole-egg,https://assets.woolworths.com.au/images/1005/293958.jpg?impolicy=wowsmkqiema&w=260&h=260,$6.50,$1.48 / 100G,,, Add to cart , Save to list 
Woolworths Full Cream Milk Powder 1kg,https://www.woolworths.com.au/shop/productdetails/789357/woolworths-full-cream-milk-powder,https://assets.woolworths.com.au/images/1005/789357.jpg?impolicy=wowsmkqiema&w=260&h=260,$10.00,$1.00 / 100G,4.4,528, Add to cart , Save to list 
Woolworths Smoked Mussels In Oil 85g,https://www.woolworths.com.au/shop/productdetails/873023/woolworths-smoked-mussels-in-oil,https://assets.woolworths.com.au/images/1005/873023.jpg?impolicy=wowsmkqiema&w=260&h=260,$1.70,$20.00 / 1KG,2.9,317, Add to cart , Save to list 
Twinings Lady Grey Tea Bags 100 Pack,https://www.woolworths.com.au/shop/productdetails/257224/twinings-lady-grey-tea-bags-tea-bags,https://assets.woolworths.com.au/images/1005/257224.jpg?impolicy=wowsmkqiema&w=260&h=260,$6.75,$0.07 / 1EA,,, Add to cart , Save to list 
Old El Paso Gluten Free Taco Spice Mix Mild 30g,https://www.woolworths.com.au/shop/productdetails/229703/old-el-paso-gluten-free-taco-spice-mix-mild,https://assets.woolworths.com.au/images/1005/229703.jpg?impolicy=wowsmkqiema&w=260&h=260,$2.45,$8.17 / 100G,,, Add to cart , Save to list 
San Remo Macaroni Pasta No 38 500g,https://www.woolworths.com.au/shop/productdetails/44025/san-remo-macaroni-pasta-no-38,https://assets.woolworths.com.au/images/1005/44025.jpg?impolicy=wowsmkqiema&w=260&h=260,$2.95,$0.59 / 100G,,, Add to cart , Save to list 
Queen Sugar Free Maple Flavoured Syrup 355ml,https://www.woolworths.com.au/shop/productdetails/252668/queen-sugar-free-maple-flavoured-syrup,https://assets.woolworths.com.au/images/1005/252668.jpg?impolicy=wowsmkqiema&w=260&h=260,,,,,, Save to list 
Woolworths Mexican Style Rice 250g,https://www.woolworths.com.au/shop/productdetails/105819/woolworths-mexican-style-rice,https://assets.woolworths.com.au/images/1005/105819.jpg?impolicy=wowsmkqiema&w=260&h=260,$2.75,$1.10 / 100G,3.8,722, Add to cart , Save to list 
Campbell's Real Soup Energy Tomato & Basil With Lentils 515g,https://www.woolworths.com.au/shop/productdetails/203813/campbell-s-real-soup-energy-tomato-basil-with-lentils,https://assets.woolworths.com.au/images/1005/203813.jpg?impolicy=wowsmkqiema&w=260&h=260,$3.50,$0.68 / 100G,,, Add to cart , Save to list 
Kellogg's Corn Flakes Breakfast Cereal 890g,https://www.woolworths.com.au/shop/productdetails/201949/kelloggs-corn-flakes-breakfast-cereal,https://assets.woolworths.com.au/images/1005/201949.jpg?impolicy=wowsmkqiema&w=260&h=260,$7.25,$0.81 / 100G,,, Add to cart , Save to list 
Twinings Darjeeling Tea Bags 10 Pack,https://www.woolworths.com.au/shop/productdetails/41949/twinings-darjeeling-tea-bags-tea-bags,https://assets.woolworths.com.au/images/1005/41949.jpg?impolicy=wowsmkqiema&w=260&h=260,$2.00,$0.20 / 1EA,,, Add to cart , Save to list 
Rice A Riso Flavoured Rice Chicken 180g,https://www.woolworths.com.au/shop/productdetails/183695/rice-a-riso-flavoured-rice-chicken,https://assets.woolworths.com.au/images/1005/183695.jpg?impolicy=wowsmkqiema&w=260&h=260,$2.20,$1.22 / 100G,,, Add to cart , Save to list 
Leggo's Pasta Bake Creamy Tomato & Mozzarella 500g,https://www.woolworths.com.au/shop/productdetails/452050/leggo-s-pasta-bake-creamy-tomato-mozzarella,https://assets.woolworths.com.au/images/1005/452050.jpg?impolicy=wowsmkqiema&w=260&h=260,$4.50,$0.90 / 100G,,, Add to cart , Save to list 
Conimex Ketjap Manis Sweet Soy Sauce 240ml,https://www.woolworths.com.au/shop/productdetails/202710/conimex-ketjap-manis-sweet-soy-sauce,https://assets.woolworths.com.au/images/1005/202710.jpg?impolicy=wowsmkqiema&w=260&h=260,$5.50,$2.29 / 100ML,,, Add to cart , Save to list 
Edgell Sliced Beetroot Sliced 225g,https://www.woolworths.com.au/shop/productdetails/34929/edgell-sliced-beetroot-sliced,https://assets.woolworths.com.au/images/1005/34929.jpg?impolicy=wowsmkqiema&w=260&h=260,$1.60,$7.11 / 1KG,,, Add to cart , Save to list 
Hart & Soul Laksa Soup Pouch 400g,https://www.woolworths.com.au/shop/productdetails/438465/hart-soul-laksa-soup-pouch,https://assets.woolworths.com.au/images/1005/438465.jpg?impolicy=wowsmkqiema&w=260&h=260,$4.50,$1.13 / 100G,,, Add to cart , Save to list 
Ocean Spray Craisins Reduced Sugar 150g,https://www.woolworths.com.au/shop/productdetails/456578/ocean-spray-craisins-reduced-sugar,https://assets.woolworths.com.au/images/1005/456578.jpg?impolicy=wowsmkqiema&w=260&h=260,$4.00,$26.67 / 1KG,,, Add to cart , Save to list 
San Remo Elbows Pasta No 35 500g,https://www.woolworths.com.au/shop/productdetails/39484/san-remo-elbows-pasta-no-35,https://assets.woolworths.com.au/images/1005/39484.jpg?impolicy=wowsmkqiema&w=260&h=260,$2.95,$0.59 / 100G,,, Add to cart , Save to list 
Starbucks By Nespresso Intensity 8 House Blend Coffee Pods 18 Pack,https://www.woolworths.com.au/shop/productdetails/222601/starbucks-by-nespresso-intensity-8-house-blend-coffee-pods,https://assets.woolworths.com.au/images/1005/222601.jpg?impolicy=wowsmkqiema&w=260&h=260,$13.00,$0.72 / 1EA,,, Add to cart , Save to list 
Sanitarium Up&go Liquid Breakfast Vanilla Ice 3 Pack,https://www.woolworths.com.au/shop/productdetails/189701/sanitarium-up-go-liquid-breakfast-vanilla-ice,https://assets.woolworths.com.au/images/1005/189701.jpg?impolicy=wowsmkqiema&w=260&h=260,$5.60,$7.47 / 1L,,, Add to cart , Save to list 
Sanitarium Up&go Protein Energize Choc 250ml X3 Pack,https://www.woolworths.com.au/shop/productdetails/353338/sanitarium-up-go-protein-energize-choc,https://assets.woolworths.com.au/images/1005/353338.jpg?impolicy=wowsmkqiema&w=260&h=260,$5.60,$7.47 / 1L,,, Add to cart , Save to list 
Woolworths Garam Masala 29g,https://www.woolworths.com.au/shop/productdetails/251013/woolworths-garam-masala,https://assets.woolworths.com.au/images/1005/251013.jpg?impolicy=wowsmkqiema&w=260&h=260,$1.75,$0.60 / 10G,4.4,332, Add to cart , Save to list 
T2 English Breakfast Black Tea Bags 25 Pack,https://www.woolworths.com.au/shop/productdetails/726973/t2-english-breakfast-black-tea-bags,https://assets.woolworths.com.au/images/1005/726973.jpg?impolicy=wowsmkqiema&w=260&h=260,$13.00,$0.52 / 1EA,,, Add to cart , Save to list 
Campbell's Condensed Soup Chicken Noodle 400g,https://www.woolworths.com.au/shop/productdetails/45226/campbell-s-condensed-soup-chicken-noodle,https://assets.woolworths.com.au/images/1005/45226.jpg?impolicy=wowsmkqiema&w=260&h=260,$2.00,$0.50 / 100G,,, Add to cart , Save to list 
Dilmah Extra Strength Tea Bags 100 Pack,https://www.woolworths.com.au/shop/productdetails/196566/dilmah-extra-strength-tea-bags,https://assets.woolworths.com.au/images/1005/196566.jpg?impolicy=wowsmkqiema&w=260&h=260,$5.25,$0.05 / 1EA,,, Add to cart , Save to list 
Edgell Black Beans 400g,https://www.woolworths.com.au/shop/productdetails/930176/edgell-black-beans,https://assets.woolworths.com.au/images/1005/930176.jpg?impolicy=wowsmkqiema&w=260&h=260,$1.50,$0.38 / 100G,,, Add to cart , Save to list 
Uncle Tobys Cereal Plus Antioxidant 435g,https://www.woolworths.com.au/shop/productdetails/717162/uncle-tobys-cereal-plus-antioxidant,https://assets.woolworths.com.au/images/1005/717162.jpg?impolicy=wowsmkqiema&w=260&h=260,$6.50,$1.49 / 100G,,, Add to cart , Save to list 
Gravox Best Ever Schnitzel Liquid Gravy Pouch 165g,https://www.woolworths.com.au/shop/productdetails/733664/gravox-best-ever-schnitzel-liquid-gravy-pouch,https://assets.woolworths.com.au/images/1005/733664.jpg?impolicy=wowsmkqiema&w=260&h=260,$3.50,$2.12 / 100G,,, Add to cart , Save to list 
Yeo's Ingredients Sesame Oil 150ml,https://www.woolworths.com.au/shop/productdetails/39319/yeo-s-ingredients-sesame-oil,https://assets.woolworths.com.au/images/1005/39319.jpg?impolicy=wowsmkqiema&w=260&h=260,$5.00,$3.33 / 100ML,,, Add to cart , Save to list 
Ayam Coconut Milk 270ml,https://www.woolworths.com.au/shop/productdetails/57198/ayam-coconut-milk,https://assets.woolworths.com.au/images/1005/57198.jpg?impolicy=wowsmkqiema&w=260&h=260,$2.90,$1.07 / 100ML,,, Add to cart , Save to list 
Slush Puppie Grape Flavoured 250ml,https://www.woolworths.com.au/shop/productdetails/180476/slush-puppies-slush-puppie-grape-flavoured,https://assets.woolworths.com.au/images/1005/180476.jpg?impolicy=wowsmkqiema&w=260&h=260,$3.00,$1.20 / 100ML,,, Add to cart , Save to list 
Starbucks By Nespresso Intensity 11 Espresso Roast Coffee Pods 18 Pack,https://www.woolworths.com.au/shop/productdetails/222906/starbucks-by-nespresso-intensity-11-espresso-roast-coffee-pods,https://assets.woolworths.com.au/images/1005/222906.jpg?impolicy=wowsmkqiema&w=260&h=260,$13.00,$0.72 / 1EA,,, Add to cart , Save to list 
Belvita Chocolate Breakfast Biscuits 300g,https://www.woolworths.com.au/shop/productdetails/786364/belvita-chocolate-breakfast-biscuits,https://assets.woolworths.com.au/images/1005/786364.jpg?impolicy=wowsmkqiema&w=260&h=260,$4.50,$1.50 / 100G,,, Add to cart , Save to list 
Mazzetti Balsamic Vinegar Of Modena 500ml,https://www.woolworths.com.au/shop/productdetails/99709/mazzetti-balsamic-vinegar-of-modena,https://assets.woolworths.com.au/images/1005/99709.jpg?impolicy=wowsmkqiema&w=260&h=260,$4.50,$0.90 / 100ML,,, Add to cart , Save to list 
Woolworths Sweet Chilli Sauce 280ml,https://www.woolworths.com.au/shop/productdetails/296914/woolworths-sweet-chilli-sauce,https://assets.woolworths.com.au/images/1005/296914.jpg?impolicy=wowsmkqiema&w=260&h=260,$2.00,$0.71 / 100ML,4.2,1715, Add to cart , Save to list 
Continental Cup A Soup Hearty Pea & Ham 2 Pack,https://www.woolworths.com.au/shop/productdetails/320302/continental-cup-a-soup-hearty-pea-ham,https://assets.woolworths.com.au/images/1005/320302.jpg?impolicy=wowsmkqiema&w=260&h=260,$2.80,$5.38 / 100G,,, Add to cart , Save to list 
Edgell Snack Time Chickpeas With Olive Oil & Sea Salt 70g,https://www.woolworths.com.au/shop/productdetails/65619/edgell-snack-time-chickpeas-with-olive-oil-sea-salt,https://assets.woolworths.com.au/images/1005/65619.jpg?impolicy=wowsmkqiema&w=260&h=260,$1.60,$2.29 / 100G,,, Add to cart , Save to list 
Macro Organic Pasta Sauce Chunky Bolognese 500g,https://www.woolworths.com.au/shop/productdetails/791172/macro-organic-pasta-sauce-chunky-bolognese,https://assets.woolworths.com.au/images/1005/791172.jpg?impolicy=wowsmkqiema&w=260&h=260,$2.30,$0.46 / 100G,4.2,748, Add to cart , Save to list 
"Birch & Waite Golden Goddess Dressing Tahini, Lemon & Garlic 250ml",https://www.woolworths.com.au/shop/productdetails/107517/birch-waite-golden-goddess-dressing-tahini-lemon-garlic,https://assets.woolworths.com.au/images/1005/107517.jpg?impolicy=wowsmkqiema&w=260&h=260,,,,,, Save to list 
Gravox Traditional Gravy Mix Tin 120g,https://www.woolworths.com.au/shop/productdetails/38911/gravox-traditional-gravy-mix-tin-mix-traditional,https://assets.woolworths.com.au/images/1005/38911.jpg?impolicy=wowsmkqiema&w=260&h=260,$5.00,$0.42 / 10G,,, Add to cart , Save to list 
Natural Coarse Sea Salt Ceramic Grinder 100g,https://www.woolworths.com.au/shop/productdetails/197116/natural-coarse-sea-salt-ceramic-grinder,https://assets.woolworths.com.au/images/1005/197116.jpg?impolicy=wowsmkqiema&w=260&h=260,$4.50,$0.45 / 10G,,, Add to cart , Save to list 
Woolworths Fresh Parsley Bunch,https://www.woolworths.com.au/shop/productdetails/144784/woolworths-fresh-parsley,https://assets.woolworths.com.au/images/1005/144784.jpg?impolicy=wowsmkqiema&w=260&h=260,$3.20,$3.20 / 1EA,4.6,193, Add to cart , Save to list 
Nutella Hazelnut Chocolate Spread 220g,https://www.woolworths.com.au/shop/productdetails/187099/nutella-hazelnut-chocolate-spread-spread,https://assets.woolworths.com.au/images/1005/187099.jpg?impolicy=wowsmkqiema&w=260&h=260,$4.10,$1.86 / 100G,,, Add to cart , Save to list 
Vetta Microwave Ready Pasta Classic Spirals 150g,https://www.woolworths.com.au/shop/productdetails/112892/vetta-microwave-ready-pasta-classic-spirals,https://assets.woolworths.com.au/images/1005/112892.jpg?impolicy=wowsmkqiema&w=260&h=260,$2.00,$1.33 / 100G,,, Add to cart , Save to list 
Campbell's Real Soup Immunity Pumpkin With Tumeric 515g,https://www.woolworths.com.au/shop/productdetails/204111/campbell-s-real-soup-immunity-pumpkin-with-tumeric,https://assets.woolworths.com.au/images/1005/204111.jpg?impolicy=wowsmkqiema&w=260&h=260,$3.50,$0.68 / 100G,,, Add to cart , Save to list 
Maggi 2 Minute Instant Value Pack Chicken Noodles 12 Pack,https://www.woolworths.com.au/shop/productdetails/343892/maggi-2-minute-instant-value-pack-chicken-noodles,https://assets.woolworths.com.au/images/1005/343892.jpg?impolicy=wowsmkqiema&w=260&h=260,$10.00,$1.16 / 100G,,, Add to cart , Save to list 
Queen Organic Vanilla Bean Paste 65g,https://www.woolworths.com.au/shop/productdetails/225399/queen-organic-vanilla-bean-paste,https://assets.woolworths.com.au/images/1005/225399.jpg?impolicy=wowsmkqiema&w=260&h=260,$11.80,$18.15 / 100G,,, Add to cart , Save to list 
Mutti Tomato Paste Double Concentrate 130g,https://www.woolworths.com.au/shop/productdetails/290303/mutti-tomato-paste-double-concentrate,https://assets.woolworths.com.au/images/1005/290303.jpg?impolicy=wowsmkqiema&w=260&h=260,$2.10,$1.62 / 100G,,, Add to cart , Save to list 
Continental Chicken Superbe Stock Stock Powder 130g,https://www.woolworths.com.au/shop/productdetails/446301/continental-chicken-superbe-stock-stock-powder,https://assets.woolworths.com.au/images/1005/446301.jpg?impolicy=wowsmkqiema&w=260&h=260,$4.00,$0.31 / 10G,,, Add to cart , Save to list 
Woolworths Crushed Ginger 230g,https://www.woolworths.com.au/shop/productdetails/680510/woolworths-crushed-ginger,https://assets.woolworths.com.au/images/1005/680510.jpg?impolicy=wowsmkqiema&w=260&h=260,$2.80,$0.12 / 10G,4.2,689, Add to cart , Save to list 
Woolworths Traditional Mayonnaise 470g,https://www.woolworths.com.au/shop/productdetails/467269/woolworths-traditional-mayonnaise,https://assets.woolworths.com.au/images/1005/467269.jpg?impolicy=wowsmkqiema&w=260&h=260,$4.00,$0.85 / 100G,4.3,1835, Add to cart , Save to list 
Sanitarium Up&go Protein Energize Choc 250ml X6 Pack,https://www.woolworths.com.au/shop/productdetails/717254/sanitarium-up-go-protein-energize-choc,https://assets.woolworths.com.au/images/1005/717254.jpg?impolicy=wowsmkqiema&w=260&h=260,$10.50,$7.00 / 1L,,, Add to cart , Save to list 
Sriracha Hot Chilli Sauce Ketchup 567g,https://www.woolworths.com.au/shop/productdetails/63974/sriracha-hot-chilli-sauce-ketchup,https://assets.woolworths.com.au/images/1005/63974.jpg?impolicy=wowsmkqiema&w=260&h=260,,,,,, Save to list 
Uncle Tobys Oats Quick Sachets Berry Variety Porridge 350g,https://www.woolworths.com.au/shop/productdetails/147406/uncle-tobys-oats-quick-sachets-berry-variety-porridge,https://assets.woolworths.com.au/images/1005/147406.jpg?impolicy=wowsmkqiema&w=260&h=260,$5.00,$1.43 / 100G,,, Add to cart , Save to list 
Woolworths Apple Sauce 370g,https://www.woolworths.com.au/shop/productdetails/230514/woolworths-apple-sauce,https://assets.woolworths.com.au/images/1005/230514.jpg?impolicy=wowsmkqiema&w=260&h=260,$1.80,$0.49 / 100G,4.5,352, Add to cart , Save to list 
Continental Classics Pasta & Sauce Macaroni Cheese Serves 2 105g,https://www.woolworths.com.au/shop/productdetails/230941/continental-classics-pasta-sauce-macaroni-cheese-serves-2,https://assets.woolworths.com.au/images/1005/230941.jpg?impolicy=wowsmkqiema&w=260&h=260,$2.80,$2.43 / 100G,,, Add to cart , Save to list 
Macro Organic Oat Milk Unsweetened 1l,https://www.woolworths.com.au/shop/productdetails/150166/macro-organic-oat-milk-unsweetened,https://assets.woolworths.com.au/images/1005/150166.jpg?impolicy=wowsmkqiema&w=260&h=260,$2.25,$2.25 / 1L,4.0,232, Add to cart , Save to list 
Tandaco Prepared Suet Mix 250g,https://www.woolworths.com.au/shop/productdetails/15260/tandaco-prepared-suet-mix-suet,https://assets.woolworths.com.au/images/1005/15260.jpg?impolicy=wowsmkqiema&w=260&h=260,$6.00,$0.24 / 10G,,, Add to cart , Save to list 
Savour Snacks Peas Wasabi Flavoured 100g,https://www.woolworths.com.au/shop/productdetails/308172/savour-snacks-peas-wasabi-flavoured,https://assets.woolworths.com.au/images/1005/308172.jpg?impolicy=wowsmkqiema&w=260&h=260,$1.40,$14.00 / 1KG,,, Add to cart , Save to list 
Ardmona Rich & Thick Diced Tomatoes With Paste Chilli 410g,https://www.woolworths.com.au/shop/productdetails/155934/ardmona-rich-thick-diced-tomatoes-with-paste-chilli,https://assets.woolworths.com.au/images/1005/155934.jpg?impolicy=wowsmkqiema&w=260&h=260,$2.20,$5.37 / 1KG,,, Add to cart , Save to list 
Maggi Oyster Sauce 275ml,https://www.woolworths.com.au/shop/productdetails/280340/maggi-oyster-sauce,https://assets.woolworths.com.au/images/1005/280340.jpg?impolicy=wowsmkqiema&w=260&h=260,$3.60,$1.31 / 100ML,,, Add to cart , Save to list 
T2 Relax Tea Bags 10 Pack,https://www.woolworths.com.au/shop/productdetails/159230/t2-relax-tea-bags,https://assets.woolworths.com.au/images/1005/159230.jpg?impolicy=wowsmkqiema&w=260&h=260,$7.00,$0.70 / 1EA,,, Add to cart , Save to list 
Woolworths Almonds Slivered 120g,https://www.woolworths.com.au/shop/productdetails/726350/woolworths-almonds-slivered,https://assets.woolworths.com.au/images/1005/726350.jpg?impolicy=wowsmkqiema&w=260&h=260,$3.50,$29.17 / 1KG,4.7,948, Add to cart , Save to list 
Sanitarium Up&go Liquid Breakfast Strawberry 6 Pack,https://www.woolworths.com.au/shop/productdetails/189655/sanitarium-up-go-liquid-breakfast-strawberry,https://assets.woolworths.com.au/images/1005/189655.jpg?impolicy=wowsmkqiema&w=260&h=260,$10.50,$7.00 / 1L,,, Add to cart , Save to list 
Pureharvest Organic Aussie Dream Rice Milk 1l,https://www.woolworths.com.au/shop/productdetails/41225/pureharvest-organic-aussie-dream-rice-milk,https://assets.woolworths.com.au/images/1005/41225.jpg?impolicy=wowsmkqiema&w=260&h=260,$2.60,$2.60 / 1L,,, Add to cart , Save to list 
Vittoria Espresso Ground Coffee 1kg,https://www.woolworths.com.au/shop/productdetails/94131/vittoria-espresso-ground-coffee,https://assets.woolworths.com.au/images/1005/94131.jpg?impolicy=wowsmkqiema&w=260&h=260,$37.00,$3.70 / 100G,,, Add to cart , Save to list 
Wokka Noodles Wholegrain 400g,https://www.woolworths.com.au/shop/productdetails/788315/wokka-noodles-wholegrain,https://assets.woolworths.com.au/images/1005/788315.jpg?impolicy=wowsmkqiema&w=260&h=260,$2.70,$0.68 / 100G,,, Add to cart , Save to list 
Woolworths Coriander Seeds Ground 20g,https://www.woolworths.com.au/shop/productdetails/251005/woolworths-coriander-seeds-ground,https://assets.woolworths.com.au/images/1005/251005.jpg?impolicy=wowsmkqiema&w=260&h=260,$1.40,$0.70 / 10G,4.4,651, Add to cart , Save to list 
Gravox Traditional Liquid Gravy Pouch 165g,https://www.woolworths.com.au/shop/productdetails/245951/gravox-traditional-liquid-gravy-pouch-liquid-traditional,https://assets.woolworths.com.au/images/1005/245951.jpg?impolicy=wowsmkqiema&w=260&h=260,$3.50,$2.12 / 100G,5.0,1, Add to cart , Save to list 
Uncle Tobys Cereal Plus Protein 705g,https://www.woolworths.com.au/shop/productdetails/827636/uncle-tobys-cereal-plus-protein,https://assets.woolworths.com.au/images/1005/827636.jpg?impolicy=wowsmkqiema&w=260&h=260,$8.80,$1.25 / 100G,,, Add to cart , Save to list 
Nutella Hazelnut Chocolate Spread 1kg,https://www.woolworths.com.au/shop/productdetails/795889/nutella-hazelnut-chocolate-spread-spread,https://assets.woolworths.com.au/images/1005/795889.jpg?impolicy=wowsmkqiema&w=260&h=260,$11.00,$1.10 / 100G,,, Add to cart , Save to list 
Csr Icing Sugar Soft Mixture 500g,https://www.woolworths.com.au/shop/productdetails/71488/csr-icing-sugar-soft-mixture,https://assets.woolworths.com.au/images/1005/71488.jpg?impolicy=wowsmkqiema&w=260&h=260,$2.20,$0.44 / 100G,,, Add to cart , Save to list 
Praise Caesar Salad Croutons 150g,https://www.woolworths.com.au/shop/productdetails/279869/praise-caesar-salad-croutons,https://assets.woolworths.com.au/images/1005/279869.jpg?impolicy=wowsmkqiema&w=260&h=260,$4.00,$2.67 / 100G,,, Add to cart , Save to list 
Sunrice Gluten Free Rice And Quinoa 750g,https://www.woolworths.com.au/shop/productdetails/765693/sunrice-gluten-free-rice-and-quinoa,https://assets.woolworths.com.au/images/1005/765693.jpg?impolicy=wowsmkqiema&w=260&h=260,$3.50,$0.47 / 100G,,, Add to cart , Save to list 
Suimin Noodles Beef Massaman Curry 137g,https://www.woolworths.com.au/shop/productdetails/678341/suimin-noodles-beef-massaman-curry,https://assets.woolworths.com.au/images/1005/678341.jpg?impolicy=wowsmkqiema&w=260&h=260,$3.00,$2.19 / 100G,,, Add to cart , Save to list 
The Spice Tailor Fiery Goan Curry 300g,https://www.woolworths.com.au/shop/productdetails/580245/the-spice-tailor-fiery-goan-curry,https://assets.woolworths.com.au/images/1005/580245.jpg?impolicy=wowsmkqiema&w=260&h=260,,,,,, Save to list 
Sweet Baby Ray's Hickory & Brown Sugar Bbq Sauce 425ml,https://www.woolworths.com.au/shop/productdetails/802036/sweet-baby-ray-s-hickory-brown-sugar-bbq-sauce,https://assets.woolworths.com.au/images/1005/802036.jpg?impolicy=wowsmkqiema&w=260&h=260,$7.20,$1.69 / 100ML,5.0,1, Add to cart , Save to list 
Chicken Tonight Simmer Sauce Butter Chicken 495g,https://www.woolworths.com.au/shop/productdetails/194935/chicken-tonight-simmer-sauce-butter-chicken,https://assets.woolworths.com.au/images/1005/194935.jpg?impolicy=wowsmkqiema&w=260&h=260,$4.00,$0.81 / 100G,,, Add to cart , Save to list 
Macro Organic Cannellini Beans 425g,https://www.woolworths.com.au/shop/productdetails/700639/macro-organic-cannellini-beans,https://assets.woolworths.com.au/images/1005/700639.jpg?impolicy=wowsmkqiema&w=260&h=260,$1.50,$0.35 / 100G,,, Add to cart , Save to list 
Continental Classics Pasta & Sauce Alfredo Serves 2 85g,https://www.woolworths.com.au/shop/productdetails/230945/continental-classics-pasta-sauce-alfredo-serves-2,https://assets.woolworths.com.au/images/1005/230945.jpg?impolicy=wowsmkqiema&w=260&h=260,$2.80,$3.29 / 100G,,, Add to cart , Save to list 
Woolworths Nutmeg Ground 30g,https://www.woolworths.com.au/shop/productdetails/251123/woolworths-nutmeg-ground,https://assets.woolworths.com.au/images/1005/251123.jpg?impolicy=wowsmkqiema&w=260&h=260,$2.30,$0.77 / 10G,4.6,283, Add to cart , Save to list 
Woolworths Peach Slices In Juice 410g,https://www.woolworths.com.au/shop/productdetails/753150/woolworths-peach-slices-in-juice,https://assets.woolworths.com.au/images/1005/753150.jpg?impolicy=wowsmkqiema&w=260&h=260,$2.00,$4.88 / 1KG,4.6,735, Add to cart , Save to list 
Essentials Butter Cake Mix 340g,https://www.woolworths.com.au/shop/productdetails/18093/essentials-butter-cake-mix,https://assets.woolworths.com.au/images/1005/18093.jpg?impolicy=wowsmkqiema&w=260&h=260,$0.90,$0.26 / 100G,4.5,586, Add to cart , Save to list 
Old El Paso Refried Beans 435g,https://www.woolworths.com.au/shop/productdetails/187333/old-el-paso-refried-beans,https://assets.woolworths.com.au/images/1005/187333.jpg?impolicy=wowsmkqiema&w=260&h=260,$3.20,$0.74 / 100G,,, Add to cart , Save to list 
Starbucks By Nespresso Coffee Pods Breakfast Blend 10 Pack,https://www.woolworths.com.au/shop/productdetails/197155/starbucks-by-nespresso-coffee-pods-breakfast-blend,https://assets.woolworths.com.au/images/1005/197155.jpg?impolicy=wowsmkqiema&w=260&h=260,$7.90,$0.79 / 1EA,,, Add to cart , Save to list 
La Zuppa Soup Pouch Italian Style Tomato & Veg 540g,https://www.woolworths.com.au/shop/productdetails/676342/la-zuppa-soup-pouch-italian-style-tomato-veg,https://assets.woolworths.com.au/images/1005/676342.jpg?impolicy=wowsmkqiema&w=260&h=260,$5.50,$1.02 / 100G,,, Add to cart , Save to list 
Woolworths Crunchy Peanut Butter 500g,https://www.woolworths.com.au/shop/productdetails/233925/woolworths-crunchy-peanut-butter,https://assets.woolworths.com.au/images/1005/233925.jpg?impolicy=wowsmkqiema&w=260&h=260,$2.40,$0.48 / 100G,,, Add to cart , Save to list 
Essentials Traditional Pasta Sauce 700g,https://www.woolworths.com.au/shop/productdetails/839703/essentials-traditional-pasta-sauce,https://assets.woolworths.com.au/images/1005/839703.jpg?impolicy=wowsmkqiema&w=260&h=260,$2.50,$0.36 / 100G,4.3,799, Add to cart , Save to list 
Leggo's Pasta Sauce Bolognese Mushroom Chunky Tomato & Herbs 500g,https://www.woolworths.com.au/shop/productdetails/451926/leggo-s-pasta-sauce-bolognese-mushroom-chunky-tomato-herbs,https://assets.woolworths.com.au/images/1005/451926.jpg?impolicy=wowsmkqiema&w=260&h=260,$4.30,$0.86 / 100G,,, Add to cart , Save to list 
San Remo La Pasta Chicken Curry Single Snack 80g,https://www.woolworths.com.au/shop/productdetails/96607/san-remo-la-pasta-chicken-curry-single-snack,https://assets.woolworths.com.au/images/1005/96607.jpg?impolicy=wowsmkqiema&w=260&h=260,$1.40,$1.75 / 100G,,, Add to cart , Save to list 
Australian Organic Food Co Chickpea & Vegetable Soup Pouch 330g,https://www.woolworths.com.au/shop/productdetails/678381/australian-organic-food-co-chickpea-vegetable-soup-pouch,https://assets.woolworths.com.au/images/1005/678381.jpg?impolicy=wowsmkqiema&w=260&h=260,$4.50,$1.36 / 100G,3.7,719, Add to cart , Save to list 
Pearl River Bridge Soy Sauce Gold Label 600ml,https://www.woolworths.com.au/shop/productdetails/847156/pearl-river-bridge-soy-sauce-gold-label,https://assets.woolworths.com.au/images/1005/847156.jpg?impolicy=wowsmkqiema&w=260&h=260,$3.40,$0.57 / 100ML,,, Add to cart , Save to list 
La Zuppa Soup Pouch Creamy Chicken & Veg 540g,https://www.woolworths.com.au/shop/productdetails/782293/la-zuppa-soup-pouch-creamy-chicken-veg,https://assets.woolworths.com.au/images/1005/782293.jpg?impolicy=wowsmkqiema&w=260&h=260,$5.50,$1.02 / 100G,,, Add to cart , Save to list 
Mccormick Grill Mates Smokin Texas American Bbq Rub 40g,https://www.woolworths.com.au/shop/productdetails/445863/mccormick-grill-mates-smokin-texas-american-bbq-rub,https://assets.woolworths.com.au/images/1005/445863.jpg?impolicy=wowsmkqiema&w=260&h=260,$2.50,$0.63 / 10G,,, Add to cart , Save to list 
Masterfoods Honey Garlic & Soy Marinade 375g,https://www.woolworths.com.au/shop/productdetails/72364/masterfoods-honey-garlic-soy-marinade,https://assets.woolworths.com.au/images/1005/72364.jpg?impolicy=wowsmkqiema&w=260&h=260,$4.50,$1.20 / 100G,,, Add to cart , Save to list 
F. Whitlock & Sons Smokehouse Tomato Chutney Sauce 250ml,https://www.woolworths.com.au/shop/productdetails/169354/f-whitlock-sons-smokehouse-tomato-chutney-sauce,https://assets.woolworths.com.au/images/1005/169354.jpg?impolicy=wowsmkqiema&w=260&h=260,$2.70,$1.08 / 100ML,,, Add to cart , Save to list 
Paramount Salmon Red 210g,https://www.woolworths.com.au/shop/productdetails/33533/paramount-salmon-red,https://assets.woolworths.com.au/images/1005/33533.jpg?impolicy=wowsmkqiema&w=260&h=260,$8.50,$40.48 / 1KG,,, Add to cart , Save to list 
Gravox Roast Meat Gravy Mix Tin 120g,https://www.woolworths.com.au/shop/productdetails/38909/gravox-roast-meat-gravy-mix-tin-mix-roast-meat,https://assets.woolworths.com.au/images/1005/38909.jpg?impolicy=wowsmkqiema&w=260&h=260,$5.00,$0.42 / 10G,,, Add to cart , Save to list 
La Molisana Pastificio Extra Di Lusso Fettuccine 500g,https://www.woolworths.com.au/shop/productdetails/74782/la-molisana-pastificio-extra-di-lusso-fettuccine,https://assets.woolworths.com.au/images/1005/74782.jpg?impolicy=wowsmkqiema&w=260&h=260,,,4.6,395,, Save to list 
Uncle Tobys Vita Brits Breakfast Cereal Brits 375g,https://www.woolworths.com.au/shop/productdetails/33015/uncle-tobys-vita-brits-breakfast-cereal-brits,https://assets.woolworths.com.au/images/1005/33015.jpg?impolicy=wowsmkqiema&w=260&h=260,$3.40,$0.91 / 100G,,, Add to cart , Save to list 
Australian Organic Food Co Pumpkin & Sweet Potato Soup Pouch 330g,https://www.woolworths.com.au/shop/productdetails/678349/australian-organic-food-co-pumpkin-sweet-potato-soup-pouch,https://assets.woolworths.com.au/images/1005/678349.jpg?impolicy=wowsmkqiema&w=260&h=260,$4.50,$1.36 / 100G,3.6,706, Add to cart , Save to list 
Continental Cup A Soup Classic Cream Of Mushroom 4 Pack 70g,https://www.woolworths.com.au/shop/productdetails/186170/continental-cup-a-soup-classic-cream-of-mushroom-4-pack,https://assets.woolworths.com.au/images/1005/186170.jpg?impolicy=wowsmkqiema&w=260&h=260,$3.00,$4.29 / 100G,,, Add to cart , Save to list 
Continental Simmer Soup Chicken Noodle Salt Reduced 40g,https://www.woolworths.com.au/shop/productdetails/95458/continental-simmer-soup-chicken-noodle-salt-reduced,https://assets.woolworths.com.au/images/1005/95458.jpg?impolicy=wowsmkqiema&w=260&h=260,$1.20,$3.00 / 100G,,, Add to cart , Save to list 
Continental Calssics Cheesy Rice Family Pack Serves 4 190g,https://www.woolworths.com.au/shop/productdetails/691513/continental-calssics-cheesy-rice-family-pack-serves-4,https://assets.woolworths.com.au/images/1005/691513.jpg?impolicy=wowsmkqiema&w=260&h=260,$3.50,$1.84 / 100G,,, Add to cart , Save to list 
Devondale 100% Pure Full Cream Long Life Milk 6x200ml,https://www.woolworths.com.au/shop/productdetails/90032/devondale-100-pure-full-cream-long-life-milk,https://assets.woolworths.com.au/images/1005/90032.jpg?impolicy=wowsmkqiema&w=260&h=260,$6.00,$5.00 / 1L,,, Add to cart , Save to list 
Sanitarium Up&go Liquid Breakfast Banana 3 Pack,https://www.woolworths.com.au/shop/productdetails/32295/sanitarium-up-go-liquid-breakfast-banana,https://assets.woolworths.com.au/images/1005/32295.jpg?impolicy=wowsmkqiema&w=260&h=260,$5.60,$7.47 / 1L,,, Add to cart , Save to list 
Berri Quelch Fruit Sticks Ice Blocks 24x70ml,https://www.woolworths.com.au/shop/productdetails/49156/berri-quelch-fruit-sticks-ice-blocks,https://assets.woolworths.com.au/images/1005/49156.jpg?impolicy=wowsmkqiema&w=260&h=260,,,,,, Save to list 
Hart & Soul Chicken Noodle Soup Pouch 100g,https://www.woolworths.com.au/shop/productdetails/845116/hart-soul-chicken-noodle-soup-pouch,https://assets.woolworths.com.au/images/1005/845116.jpg?impolicy=wowsmkqiema&w=260&h=260,$1.50,$1.50 / 100G,,, Add to cart , Save to list 
Kan Tong Black Bean Stir Fry Cooking Sauce 510g,https://www.woolworths.com.au/shop/productdetails/758300/kan-tong-black-bean-stir-fry-cooking-sauce,https://assets.woolworths.com.au/images/1005/758300.jpg?impolicy=wowsmkqiema&w=260&h=260,$4.00,$0.78 / 100G,,, Add to cart , Save to list 
Masterfoods Moroccan Seasoning 47g,https://www.woolworths.com.au/shop/productdetails/93114/masterfoods-moroccan-seasoning,https://assets.woolworths.com.au/images/1005/93114.jpg?impolicy=wowsmkqiema&w=260&h=260,$4.00,$0.85 / 10G,,, Add to cart , Save to list 
Spc Baked Beans Rich Tomato 140g X 4 Pack,https://www.woolworths.com.au/shop/productdetails/2595/spc-baked-beans-rich-tomato,https://assets.woolworths.com.au/images/1005/2595.jpg?impolicy=wowsmkqiema&w=260&h=260,$5.00,$0.89 / 100G,,, Add to cart , Save to list 
Sa Gourmet Food Co Garden Pea & Smokey Bacon Soup 430g,https://www.woolworths.com.au/shop/productdetails/142945/sa-gourmet-food-co-garden-pea-smokey-bacon-soup,https://assets.woolworths.com.au/images/1005/142945.jpg?impolicy=wowsmkqiema&w=260&h=260,$3.00,$0.70 / 100G,,, Add to cart , Save to list 
Woolworths Tartare Sauce 250ml,https://www.woolworths.com.au/shop/productdetails/87914/woolworths-tartare-sauce,https://assets.woolworths.com.au/images/1005/87914.jpg?impolicy=wowsmkqiema&w=260&h=260,$2.50,$1.00 / 100ML,,, Add to cart , Save to list 
Csr Brown Sugar Coffee Crystals 500g,https://www.woolworths.com.au/shop/productdetails/33155/csr-brown-sugar-coffee-crystals,https://assets.woolworths.com.au/images/1005/33155.jpg?impolicy=wowsmkqiema&w=260&h=260,$3.45,$0.69 / 100G,5.0,1, Add to cart , Save to list 
La Zuppa Microwave Soup Chicken Veg & Wholegrain 420g,https://www.woolworths.com.au/shop/productdetails/370227/la-zuppa-microwave-soup-chicken-veg-wholegrain,https://assets.woolworths.com.au/images/1005/370227.jpg?impolicy=wowsmkqiema&w=260&h=260,$4.60,$1.10 / 100G,,, Add to cart , Save to list 
Leggo's Pasta Sauce Napoletana Chunky Tomato & Herbs 500g,https://www.woolworths.com.au/shop/productdetails/450822/leggo-s-pasta-sauce-napoletana-chunky-tomato-herbs,https://assets.woolworths.com.au/images/1005/450822.jpg?impolicy=wowsmkqiema&w=260&h=260,$4.30,$0.86 / 100G,,, Add to cart , Save to list 
Royal Fields Seeds Sesame 500g,https://www.woolworths.com.au/shop/productdetails/886485/royal-fields-seeds-sesame,https://assets.woolworths.com.au/images/1005/886485.jpg?impolicy=wowsmkqiema&w=260&h=260,$3.90,$0.78 / 100G,,, Add to cart , Save to list 
The Spice Tailor Delhi Biryani 360g,https://www.woolworths.com.au/shop/productdetails/846448/the-spice-tailor-delhi-biryani,https://assets.woolworths.com.au/images/1005/846448.jpg?impolicy=wowsmkqiema&w=260&h=260,$3.10,$0.86 / 100G,,, Add to cart , Save to list 
Hoyts Bay Leaves 15g,https://www.woolworths.com.au/shop/productdetails/94626/hoyts-bay-leaves,https://assets.woolworths.com.au/images/1005/94626.jpg?impolicy=wowsmkqiema&w=260&h=260,$2.00,$1.33 / 10G,,, Add to cart , Save to list 
Stubb's Hickory Bourbon Bbq Sauce Sauce 510g,https://www.woolworths.com.au/shop/productdetails/733363/stubb-s-hickory-bourbon-bbq-sauce-sauce,https://assets.woolworths.com.au/images/1005/733363.jpg?impolicy=wowsmkqiema&w=260&h=260,$7.50,$1.47 / 100G,,, Add to cart , Save to list 
Sanitarium Up&go Dairy Free Liquid Breakfast Choc Ice 12 Pack,https://www.woolworths.com.au/shop/productdetails/118315/sanitarium-up-go-dairy-free-liquid-breakfast-choc-ice,https://assets.woolworths.com.au/images/1005/118315.jpg?impolicy=wowsmkqiema&w=260&h=260,$15.80,$5.27 / 1L,,, Add to cart , Save to list 
Wai Wai Noodles Instant Tom Yum Shrimp 60g,https://www.woolworths.com.au/shop/productdetails/295163/wai-wai-noodles-instant-tom-yum-shrimp,https://assets.woolworths.com.au/images/1005/295163.jpg?impolicy=wowsmkqiema&w=260&h=260,$0.85,$1.42 / 100G,,, Add to cart , Save to list 
Wai Wai Oriental Instant Noodles 60g,https://www.woolworths.com.au/shop/productdetails/45955/wai-wai-oriental-instant-noodles,https://assets.woolworths.com.au/images/1005/45955.jpg?impolicy=wowsmkqiema&w=260&h=260,$0.85,$1.42 / 100G,,, Add to cart , Save to list 
Masterfoods Portuguese Chicken Seasoning 50g,https://www.woolworths.com.au/shop/productdetails/210007/masterfoods-portuguese-chicken-seasoning,https://assets.woolworths.com.au/images/1005/210007.jpg?impolicy=wowsmkqiema&w=260&h=260,,,,,, Save to list 
Uncle Tobys Oats Quick Sachets Original Porridge 340g,https://www.woolworths.com.au/shop/productdetails/204987/uncle-tobys-oats-quick-sachets-original-porridge,https://assets.woolworths.com.au/images/1005/204987.jpg?impolicy=wowsmkqiema&w=260&h=260,$5.00,$1.47 / 100G,,, Add to cart , Save to list 
Masterfoods Sweet Chilli Sauce Mild 500ml,https://www.woolworths.com.au/shop/productdetails/116737/masterfoods-sweet-chilli-sauce-mild,https://assets.woolworths.com.au/images/1005/116737.jpg?impolicy=wowsmkqiema&w=260&h=260,$4.50,$0.90 / 100ML,,, Add to cart , Save to list 
Natural Pink Himalayan Rock Salt Grinder 370g,https://www.woolworths.com.au/shop/productdetails/57086/natural-pink-himalayan-rock-salt-grinder,https://assets.woolworths.com.au/images/1005/57086.jpg?impolicy=wowsmkqiema&w=260&h=260,$6.00,$0.16 / 10G,,, Add to cart , Save to list 
Queen Celebrating 120 Years Pure Vanilla Extract 100ml,https://www.woolworths.com.au/shop/productdetails/575974/queen-celebrating-120-years-pure-vanilla-extract,https://assets.woolworths.com.au/images/1005/575974.jpg?impolicy=wowsmkqiema&w=260&h=260,$15.00,$15.00 / 100ML,,, Add to cart , Save to list 
Spc Baked Beans Rich Tomato Salt Reduced 425g,https://www.woolworths.com.au/shop/productdetails/52181/spc-baked-beans-rich-tomato-salt-reduced,https://assets.woolworths.com.au/images/1005/52181.jpg?impolicy=wowsmkqiema&w=260&h=260,$1.70,$0.40 / 100G,,, Add to cart , Save to list 
Woolworths Chicken Satay With Jasmine Rice 350g,https://www.woolworths.com.au/shop/productdetails/825616/woolworths-chicken-satay-with-jasmine-rice,https://assets.woolworths.com.au/images/1005/825616.jpg?impolicy=wowsmkqiema&w=260&h=260,,,3.7,1080,, Save to list 
Massel Ultracubes Beef 105g,https://www.woolworths.com.au/shop/productdetails/21357/massel-ultracubes-beef,https://assets.woolworths.com.au/images/1005/21357.jpg?impolicy=wowsmkqiema&w=260&h=260,$3.40,$0.32 / 10G,,, Add to cart , Save to list 
Masterfoods Tomato Relish 250g,https://www.woolworths.com.au/shop/productdetails/298986/masterfoods-tomato-relish,https://assets.woolworths.com.au/images/1005/298986.jpg?impolicy=wowsmkqiema&w=260&h=260,$3.40,$13.60 / 1KG,,, Add to cart , Save to list 
Steeves Maples Maple Syrup 250ml,https://www.woolworths.com.au/shop/productdetails/43500/steeves-maples-maple-syrup,https://assets.woolworths.com.au/images/1005/43500.jpg?impolicy=wowsmkqiema&w=260&h=260,$5.50,$2.20 / 100ML,,, Add to cart , Save to list 
Tasti Made Simple Wholefood Bars Lamington 5 Pack,https://www.woolworths.com.au/shop/productdetails/512887/tasti-made-simple-wholefood-bars-lamington,https://assets.woolworths.com.au/images/1005/512887.jpg?impolicy=wowsmkqiema&w=260&h=260,$4.00,$2.67 / 100G,,, Add to cart , Save to list 
Valcom Paste Tom Yum 210g,https://www.woolworths.com.au/shop/productdetails/82129/valcom-paste-tom-yum,https://assets.woolworths.com.au/images/1005/82129.jpg?impolicy=wowsmkqiema&w=260&h=260,$3.40,$1.62 / 100G,,, Add to cart , Save to list 
White Wings Cupcake Mix Vanilla 410g,https://www.woolworths.com.au/shop/productdetails/264038/white-wings-cupcake-mix-vanilla,https://assets.woolworths.com.au/images/1005/264038.jpg?impolicy=wowsmkqiema&w=260&h=260,$5.00,$1.22 / 100G,,, Add to cart , Save to list 
Woolworths Jelly Raspberry 85g,https://www.woolworths.com.au/shop/productdetails/294262/woolworths-jelly-raspberry,https://assets.woolworths.com.au/images/1005/294262.jpg?impolicy=wowsmkqiema&w=260&h=260,$0.95,$1.12 / 100G,4.6,311, Add to cart , Save to list 
Fantastic Chicken Noodle Bowl 85g,https://www.woolworths.com.au/shop/productdetails/48883/fantastic-chicken-noodle-bowl,https://assets.woolworths.com.au/images/1005/48883.jpg?impolicy=wowsmkqiema&w=260&h=260,$1.95,$2.29 / 100G,4.0,1, Add to cart , Save to list 
Mckenzie's Californian Walnuts 80g,https://www.woolworths.com.au/shop/productdetails/246753/mckenzie-s-californian-walnuts,https://assets.woolworths.com.au/images/1005/246753.jpg?impolicy=wowsmkqiema&w=260&h=260,$4.00,$5.00 / 100G,,, Add to cart , Save to list 
Fantastic Chicken Noodle Cup 70g,https://www.woolworths.com.au/shop/productdetails/62735/fantastic-chicken-noodle-cup,https://assets.woolworths.com.au/images/1005/62735.jpg?impolicy=wowsmkqiema&w=260&h=260,$1.95,$2.79 / 100G,,, Add to cart , Save to list 
Mission Corn Chips Chilli & Lime 230g,https://www.woolworths.com.au/shop/productdetails/379739/mission-corn-chips-chilli-lime,https://assets.woolworths.com.au/images/1005/379739.jpg?impolicy=wowsmkqiema&w=260&h=260,$4.00,$1.74 / 100G,,, Add to cart , Save to list 
La Zuppa Microwave Soup Minestrone 420g,https://www.woolworths.com.au/shop/productdetails/297728/la-zuppa-microwave-soup-minestrone-minestrone,https://assets.woolworths.com.au/images/1005/297728.jpg?impolicy=wowsmkqiema&w=260&h=260,$4.60,$1.10 / 100G,,, Add to cart , Save to list 
Massel Organic Liquid Stock Beef 1l,https://www.woolworths.com.au/shop/productdetails/847730/massel-organic-liquid-stock-beef,https://assets.woolworths.com.au/images/1005/847730.jpg?impolicy=wowsmkqiema&w=260&h=260,$3.80,$0.38 / 100ML,,, Add to cart , Save to list 
The Spice Tailor Indonesian Rendang Curry Kit 275g,https://www.woolworths.com.au/shop/productdetails/866199/the-spice-tailor-indonesian-rendang-curry-kit,https://assets.woolworths.com.au/images/1005/866199.jpg?impolicy=wowsmkqiema&w=260&h=260,$3.10,$1.13 / 100G,,, Add to cart , Save to list 
Keen's Meal Base Curried Sausages 285g,https://www.woolworths.com.au/shop/productdetails/214007/keens-meal-base-curried-sausages,https://assets.woolworths.com.au/images/1005/214007.jpg?impolicy=wowsmkqiema&w=260&h=260,$3.50,$1.23 / 100G,,, Add to cart , Save to list 
Mccormick Grill Mates Tennessee Smokehouse American Bbq Rub 40g,https://www.woolworths.com.au/shop/productdetails/445854/mccormick-grill-mates-tennessee-smokehouse-american-bbq-rub,https://assets.woolworths.com.au/images/1005/445854.jpg?impolicy=wowsmkqiema&w=260&h=260,$2.50,$0.63 / 10G,,, Add to cart , Save to list 
Csr Brown Sugar Dark 1kg,https://www.woolworths.com.au/shop/productdetails/37736/csr-brown-sugar-dark,https://assets.woolworths.com.au/images/1005/37736.jpg?impolicy=wowsmkqiema&w=260&h=260,$4.20,$0.42 / 100G,5.0,1, Add to cart , Save to list 
Uncle Tobys Oats Quick Sachets Brown Sugar & Cinnamon Porridge 350g,https://www.woolworths.com.au/shop/productdetails/148885/uncle-tobys-oats-quick-sachets-brown-sugar-cinnamon-porridge,https://assets.woolworths.com.au/images/1005/148885.jpg?impolicy=wowsmkqiema&w=260&h=260,$5.00,$1.43 / 100G,5.0,1, Add to cart , Save to list 
T2 Tummy Tea Bags 10 Pack,https://www.woolworths.com.au/shop/productdetails/134424/t2-tummy-tea-bags,https://assets.woolworths.com.au/images/1005/134424.jpg?impolicy=wowsmkqiema&w=260&h=260,$7.00,$0.70 / 1EA,,, Add to cart , Save to list 
Spc Diced Fruit Salad In Juice Fruit Cups 4 X 120g,https://www.woolworths.com.au/shop/productdetails/591731/spc-diced-fruit-salad-in-juice-fruit-cups,https://assets.woolworths.com.au/images/1005/591731.jpg?impolicy=wowsmkqiema&w=260&h=260,$4.50,$9.38 / 1KG,,, Add to cart , Save to list 
St Dalfour Strawberry 284g 284g,https://www.woolworths.com.au/shop/productdetails/17340/st-dalfour-strawberry-284g,https://assets.woolworths.com.au/images/1005/17340.jpg?impolicy=wowsmkqiema&w=260&h=260,$5.70,$2.01 / 100G,,, Add to cart , Save to list 
Woolworths Dressing 99% Fat Free Italian 300ml,https://www.woolworths.com.au/shop/productdetails/251526/woolworths-dressing-99-fat-free-italian,https://assets.woolworths.com.au/images/1005/251526.jpg?impolicy=wowsmkqiema&w=260&h=260,$2.80,$0.93 / 100ML,4.4,854, Add to cart , Save to list 
Sandhurst Tomatoes Semi Dried Canola Oil 270g,https://www.woolworths.com.au/shop/productdetails/214325/sandhurst-tomatoes-semi-dried-canola-oil,https://assets.woolworths.com.au/images/1005/214325.jpg?impolicy=wowsmkqiema&w=260&h=260,$5.00,$18.52 / 1KG,,, Add to cart , Save to list 
Continental Liquid Chicken Stock Salt Reduced 1l,https://www.woolworths.com.au/shop/productdetails/678657/continental-liquid-chicken-stock-salt-reduced,https://assets.woolworths.com.au/images/1005/678657.jpg?impolicy=wowsmkqiema&w=260&h=260,$3.00,$0.30 / 100ML,5.0,1, Add to cart , Save to list 
Deep Cove Mackerel In Natural Mackerel Oil 425g,https://www.woolworths.com.au/shop/productdetails/80721/deep-cove-mackerel-in-natural-mackerel-oil,https://assets.woolworths.com.au/images/1005/80721.jpg?impolicy=wowsmkqiema&w=260&h=260,$2.90,$6.82 / 1KG,3.2,758, Add to cart , Save to list 
Hershey's Chocolate Syrup Squeeze 680g,https://www.woolworths.com.au/shop/productdetails/59655/hersheys-chocolate-syrup-squeeze,https://assets.woolworths.com.au/images/1005/59655.jpg?impolicy=wowsmkqiema&w=260&h=260,$5.00,$0.74 / 100G,,, Add to cart , Save to list 
Woolworths Apple Slices Pie Fruit 770g,https://www.woolworths.com.au/shop/productdetails/565831/woolworths-apple-slices-pie-fruit,https://assets.woolworths.com.au/images/1005/565831.jpg?impolicy=wowsmkqiema&w=260&h=260,$3.50,$4.55 / 1KG,4.4,364, Add to cart , Save to list 
Continental Classics Pasta & Sauce Alfredo Family Pack 145g,https://www.woolworths.com.au/shop/productdetails/761526/continental-classics-pasta-sauce-alfredo-family-pack,https://assets.woolworths.com.au/images/1005/761526.jpg?impolicy=wowsmkqiema&w=260&h=260,$3.50,$2.41 / 100G,,, Add to cart , Save to list 
Suimin Noodles Thai Green Curry 122g,https://www.woolworths.com.au/shop/productdetails/678318/suimin-noodles-thai-green-curry,https://assets.woolworths.com.au/images/1005/678318.jpg?impolicy=wowsmkqiema&w=260&h=260,$3.00,$2.46 / 100G,,, Add to cart , Save to list 
Woolworths Original Pancake Shaker 350g,https://www.woolworths.com.au/shop/productdetails/674570/woolworths-original-pancake-shaker,https://assets.woolworths.com.au/images/1005/674570.jpg?impolicy=wowsmkqiema&w=260&h=260,$1.80,$0.51 / 100G,,, Add to cart , Save to list 
Erawan Rice Stick Large 375g,https://www.woolworths.com.au/shop/productdetails/57252/erawan-rice-stick-large,https://assets.woolworths.com.au/images/1005/57252.jpg?impolicy=wowsmkqiema&w=260&h=260,$3.00,$0.80 / 100G,,, Add to cart , Save to list 
Nutella Hazelnut Chocolate Spread 750g,https://www.woolworths.com.au/shop/productdetails/147314/nutella-hazelnut-chocolate-spread-spread,https://assets.woolworths.com.au/images/1005/147314.jpg?impolicy=wowsmkqiema&w=260&h=260,$9.75,$1.30 / 100G,,, Add to cart , Save to list 
Zooper Dooper Ice Blocks Lemonade 24 X 70ml,https://www.woolworths.com.au/shop/productdetails/179175/zooper-dooper-ice-blocks-lemonade,https://assets.woolworths.com.au/images/1005/179175.jpg?impolicy=wowsmkqiema&w=260&h=260,$6.50,$0.39 / 100ML,,, Add to cart , Save to list 
Old El Paso Stand 'n Stuff Mini Tortillas 12 Pack,https://www.woolworths.com.au/shop/productdetails/514479/old-el-paso-stand-n-stuff-mini-tortillas,https://assets.woolworths.com.au/images/1005/514479.jpg?impolicy=wowsmkqiema&w=260&h=260,$5.00,$3.45 / 100G,,, Add to cart , Save to list 
Sanitarium So Good Long Life Unsweetened Almond Coconut Milk 1l,https://www.woolworths.com.au/shop/productdetails/793384/sanitarium-so-good-long-life-unsweetened-almond-coconut-milk,https://assets.woolworths.com.au/images/1005/793384.jpg?impolicy=wowsmkqiema&w=260&h=260,$2.90,$2.90 / 1L,,, Add to cart , Save to list 
Woolworths Champignons Pieces & Stems 400g,https://www.woolworths.com.au/shop/productdetails/492073/woolworths-champignons-pieces-stems,https://assets.woolworths.com.au/images/1005/492073.jpg?impolicy=wowsmkqiema&w=260&h=260,$1.70,$4.25 / 1KG,3.8,458, Add to cart , Save to list 
Chicken Tonight Simmer Sauce Creamy Mushroom 475g,https://www.woolworths.com.au/shop/productdetails/23712/chicken-tonight-simmer-sauce-creamy-mushroom,https://assets.woolworths.com.au/images/1005/23712.jpg?impolicy=wowsmkqiema&w=260&h=260,$4.00,$0.84 / 100G,,, Add to cart , Save to list 
Dollar Sweets Unicorn Sprinkles Jar 105g,https://www.woolworths.com.au/shop/productdetails/847891/dollar-sweets-unicorn-sprinkles-jar,https://assets.woolworths.com.au/images/1005/847891.jpg?impolicy=wowsmkqiema&w=260&h=260,$6.00,$5.71 / 100G,,, Add to cart , Save to list 
Leggos Pasta Sauce Garden Vegetable 500g,https://www.woolworths.com.au/shop/productdetails/451245/leggos-pasta-sauce-garden-vegetable,https://assets.woolworths.com.au/images/1005/451245.jpg?impolicy=wowsmkqiema&w=260&h=260,$4.30,$0.86 / 100G,,, Add to cart , Save to list 
Uncle Tobys Oats Quick Cup Creamy Honey Porridge 50g,https://www.woolworths.com.au/shop/productdetails/752352/uncle-tobys-oats-quick-cup-creamy-honey-porridge,https://assets.woolworths.com.au/images/1005/752352.jpg?impolicy=wowsmkqiema&w=260&h=260,$2.50,$5.00 / 100G,,, Add to cart , Save to list 
Amy's Kitchen Canned Soup Organic Lentil & Vegetable 411g,https://www.woolworths.com.au/shop/productdetails/303700/amy-s-kitchen-canned-soup-organic-lentil-vegetable,https://assets.woolworths.com.au/images/1005/303700.jpg?impolicy=wowsmkqiema&w=260&h=260,$3.90,$0.95 / 100G,,, Add to cart , Save to list 
Birch & Waite Green Goddess Dressing & Sauce 250ml,https://www.woolworths.com.au/shop/productdetails/802495/birch-waite-green-goddess-dressing-sauce,https://assets.woolworths.com.au/images/1005/802495.jpg?impolicy=wowsmkqiema&w=260&h=260,$6.00,$2.40 / 100ML,,, Add to cart , Save to list 
Calbee Harvest Snaps Tasty Toppers Garlic & Rosemary Flavour 60g,https://www.woolworths.com.au/shop/productdetails/169015/calbee-harvest-snaps-tasty-toppers-garlic-rosemary-flavour,https://assets.woolworths.com.au/images/1005/169015.jpg?impolicy=wowsmkqiema&w=260&h=260,$3.30,$5.50 / 100G,,, Add to cart , Save to list 
Riviana Brown Basmati Rice Extra Long Grain 1kg,https://www.woolworths.com.au/shop/productdetails/792257/riviana-brown-basmati-rice-extra-long-grain,https://assets.woolworths.com.au/images/1005/792257.jpg?impolicy=wowsmkqiema&w=260&h=260,$5.20,$0.52 / 100G,,, Add to cart , Save to list 
Sirena La Vita Tuna In Oil 185g,https://www.woolworths.com.au/shop/productdetails/237206/sirena-la-vita-tuna-in-oil,https://assets.woolworths.com.au/images/1005/237206.jpg?impolicy=wowsmkqiema&w=260&h=260,$4.70,$25.41 / 1KG,,, Add to cart , Save to list 
Annalisa Beans Cannellini 400g,https://www.woolworths.com.au/shop/productdetails/47882/annalisa-beans-cannellini,https://assets.woolworths.com.au/images/1005/47882.jpg?impolicy=wowsmkqiema&w=260&h=260,$1.40,$0.35 / 100G,,, Add to cart , Save to list 
Macro Organic Brown Rice & Riceberry 250g,https://www.woolworths.com.au/shop/productdetails/174909/macro-organic-brown-rice-riceberry,https://assets.woolworths.com.au/images/1005/174909.jpg?impolicy=wowsmkqiema&w=260&h=260,$2.00,$0.80 / 100G,4.1,1055, Add to cart , Save to list 
San Remo La Pasta Alfredo 160g,https://www.woolworths.com.au/shop/productdetails/700692/san-remo-la-pasta-alfredo,https://assets.woolworths.com.au/images/1005/700692.jpg?impolicy=wowsmkqiema&w=260&h=260,$2.50,$1.56 / 100G,,, Add to cart , Save to list 
"Edgell Australian Canned Beetroot Sliced, Picked And Peeled 825g",https://www.woolworths.com.au/shop/productdetails/34333/edgell-australian-canned-beetroot-sliced-picked-and-peeled,https://assets.woolworths.com.au/images/1005/34333.jpg?impolicy=wowsmkqiema&w=260&h=260,$3.00,$3.64 / 1KG,,, Add to cart , Save to list 
Leggo's Pizza Sauce Garlic Onion Herb Triple Concentrate Sachets 4x50g,https://www.woolworths.com.au/shop/productdetails/226413/leggo-s-pizza-sauce-garlic-onion-herb-triple-concentrate-sachets,https://assets.woolworths.com.au/images/1005/226413.jpg?impolicy=wowsmkqiema&w=260&h=260,$3.00,$1.50 / 100G,,, Add to cart , Save to list 
Vittoria Espressotoria Espresso Coffee Capsules 12 Pack,https://www.woolworths.com.au/shop/productdetails/829318/vittoria-espressotoria-espresso-coffee-capsules,https://assets.woolworths.com.au/images/1005/829318.jpg?impolicy=wowsmkqiema&w=260&h=260,$10.00,$0.83 / 1EA,,, Add to cart , Save to list 
Woolworths Roast Meat Flavoured Instant Gravy 120g,https://www.woolworths.com.au/shop/productdetails/250677/woolworths-roast-meat-flavoured-instant-gravy,https://assets.woolworths.com.au/images/1005/250677.jpg?impolicy=wowsmkqiema&w=260&h=260,$2.10,$0.18 / 10G,3.7,570, Add to cart , Save to list 
Hart & Soul All Natural Satay Curry Recipe Base 80g,https://www.woolworths.com.au/shop/productdetails/84053/hart-soul-all-natural-satay-curry-recipe-base,https://assets.woolworths.com.au/images/1005/84053.jpg?impolicy=wowsmkqiema&w=260&h=260,$2.50,$0.31 / 10G,,, Add to cart , Save to list 
Slush Puppie Strawberry Flavoured 250ml,https://www.woolworths.com.au/shop/productdetails/181061/slush-puppie-strawberry-flavoured,https://assets.woolworths.com.au/images/1005/181061.jpg?impolicy=wowsmkqiema&w=260&h=260,$3.00,$1.20 / 100ML,,, Add to cart , Save to list 
Heinz Baked Beans English Recipe Tinned Beans Breakfast 300g,https://www.woolworths.com.au/shop/productdetails/625154/heinz-baked-beans-english-recipe-tinned-beans-breakfast,https://assets.woolworths.com.au/images/1005/625154.jpg?impolicy=wowsmkqiema&w=260&h=260,$2.80,$0.93 / 100G,,, Add to cart , Save to list 
Woolworths Shredded Coconut 250g,https://www.woolworths.com.au/shop/productdetails/172405/woolworths-shredded-coconut,https://assets.woolworths.com.au/images/1005/172405.jpg?impolicy=wowsmkqiema&w=260&h=260,$2.35,$9.40 / 1KG,4.7,396, Add to cart , Save to list 
Continental Superb Stock Beef Stock Powder 125g,https://www.woolworths.com.au/shop/productdetails/446313/continental-superb-stock-beef-stock-powder,https://assets.woolworths.com.au/images/1005/446313.jpg?impolicy=wowsmkqiema&w=260&h=260,$4.00,$0.32 / 10G,5.0,1, Add to cart , Save to list 
Edgell Snack Time Red Kidney Bean & Chili 70g,https://www.woolworths.com.au/shop/productdetails/65646/edgell-snack-time-red-kidney-bean-chili,https://assets.woolworths.com.au/images/1005/65646.jpg?impolicy=wowsmkqiema&w=260&h=260,$1.60,$2.29 / 100G,,, Add to cart , Save to list 
Golden Circle Canned Vegetables Baby Beetroot Cans 450g,https://www.woolworths.com.au/shop/productdetails/96235/golden-circle-canned-vegetables-baby-beetroot-cans,https://assets.woolworths.com.au/images/1005/96235.jpg?impolicy=wowsmkqiema&w=260&h=260,$2.30,$5.11 / 1KG,,, Add to cart , Save to list 
Masterfoods Smoked & Charred Texan Style Rub 50g,https://www.woolworths.com.au/shop/productdetails/113949/masterfoods-smoked-charred-texan-style-rub,https://assets.woolworths.com.au/images/1005/113949.jpg?impolicy=wowsmkqiema&w=260&h=260,$4.30,$0.86 / 10G,,, Add to cart , Save to list 
La Costena Chunky Salsa Medium 310g,https://www.woolworths.com.au/shop/productdetails/155194/la-costena-chunky-salsa-medium,https://assets.woolworths.com.au/images/1005/155194.jpg?impolicy=wowsmkqiema&w=260&h=260,$5.80,$1.87 / 100G,,, Add to cart , Save to list 
Lipton English Breakfast Tea Bags 100 Pack,https://www.woolworths.com.au/shop/productdetails/159370/lipton-english-breakfast-tea-bags,https://assets.woolworths.com.au/images/1005/159370.jpg?impolicy=wowsmkqiema&w=260&h=260,$5.80,$0.06 / 1EA,,, Add to cart , Save to list 
Continental Cup A Soup Mild Chicken Curry With Lots Of Noodles 2 Pack,https://www.woolworths.com.au/shop/productdetails/13674/continental-cup-a-soup-mild-chicken-curry-with-lots-of-noodles,https://assets.woolworths.com.au/images/1005/13674.jpg?impolicy=wowsmkqiema&w=260&h=260,$2.80,$4.83 / 100G,,, Add to cart , Save to list 
Edgell Australian Diced Capsicum Canned Vegetables 125g,https://www.woolworths.com.au/shop/productdetails/36791/edgell-australian-diced-capsicum-canned-vegetables,https://assets.woolworths.com.au/images/1005/36791.jpg?impolicy=wowsmkqiema&w=260&h=260,$1.60,$12.80 / 1KG,,, Add to cart , Save to list 
Indomie Mi Goreng Noodle Cup 75g,https://www.woolworths.com.au/shop/productdetails/358075/indomie-mi-goreng-noodle-cup,https://assets.woolworths.com.au/images/1005/358075.jpg?impolicy=wowsmkqiema&w=260&h=260,$2.00,$2.67 / 100G,,, Add to cart , Save to list 
White Wings Pancake Mix Buttermilk 325g,https://www.woolworths.com.au/shop/productdetails/248148/white-wings-pancake-mix-buttermilk,https://assets.woolworths.com.au/images/1005/248148.jpg?impolicy=wowsmkqiema&w=260&h=260,$2.50,$0.77 / 100G,,, Add to cart , Save to list 
Golden Circle Tinned Corn Canned Vegetables Tin Corn Kernels 410g,https://www.woolworths.com.au/shop/productdetails/345864/golden-circle-tinned-corn-canned-vegetables-tin-corn-kernels,https://assets.woolworths.com.au/images/1005/345864.jpg?impolicy=wowsmkqiema&w=260&h=260,$1.90,$4.63 / 1KG,,, Add to cart , Save to list 
Mutti Passata With Basil 700g,https://www.woolworths.com.au/shop/productdetails/290297/mutti-passata-with-basil,https://assets.woolworths.com.au/images/1005/290297.jpg?impolicy=wowsmkqiema&w=260&h=260,$4.40,$0.63 / 100G,,, Add to cart , Save to list 
Woolworths Vegetable Oil 2l,https://www.woolworths.com.au/shop/productdetails/750772/woolworths-vegetable-oil,https://assets.woolworths.com.au/images/1005/750772.jpg?impolicy=wowsmkqiema&w=260&h=260,$7.40,$0.37 / 100ML,,, Add to cart , Save to list 
Continental Cup A Soup Pepper Steak & Mush Room With Croutons 2 Pack 52g,https://www.woolworths.com.au/shop/productdetails/828451/continental-cup-a-soup-pepper-steak-mush-room-with-croutons-2-pack,https://assets.woolworths.com.au/images/1005/828451.jpg?impolicy=wowsmkqiema&w=260&h=260,$2.80,$5.38 / 100G,,, Add to cart , Save to list 
Macro Organic Coconut Milk 400ml,https://www.woolworths.com.au/shop/productdetails/684034/macro-organic-coconut-milk,https://assets.woolworths.com.au/images/1005/684034.jpg?impolicy=wowsmkqiema&w=260&h=260,$2.35,$0.59 / 100ML,4.5,507, Add to cart , Save to list 
Hp Original Barbecue Bbq Sauce 99% Fat Free Brown Sauce 390ml,https://www.woolworths.com.au/shop/productdetails/728546/hp-original-barbecue-bbq-sauce-99-fat-free-brown-sauce,https://assets.woolworths.com.au/images/1005/728546.jpg?impolicy=wowsmkqiema&w=260&h=260,$4.50,$1.15 / 100ML,,, Add to cart , Save to list 
John West Tuna & 3 Beans 185g,https://www.woolworths.com.au/shop/productdetails/319475/john-west-tuna-3-beans,https://assets.woolworths.com.au/images/1005/319475.jpg?impolicy=wowsmkqiema&w=260&h=260,$3.50,$18.92 / 1KG,,, Add to cart , Save to list 
Kan Tong Butter Chicken Cooking Sauce 485g,https://www.woolworths.com.au/shop/productdetails/758325/kan-tong-butter-chicken-cooking-sauce,https://assets.woolworths.com.au/images/1005/758325.jpg?impolicy=wowsmkqiema&w=260&h=260,$4.00,$0.82 / 100G,,, Add to cart , Save to list 
Old El Paso Chunky Salsa Dip Mild 312g,https://www.woolworths.com.au/shop/productdetails/231416/old-el-paso-chunky-salsa-dip-mild,https://assets.woolworths.com.au/images/1005/231416.jpg?impolicy=wowsmkqiema&w=260&h=260,$4.00,$1.28 / 100G,,, Add to cart , Save to list 
Woolworths Dressing Coleslaw 290ml,https://www.woolworths.com.au/shop/productdetails/846488/woolworths-dressing-coleslaw,https://assets.woolworths.com.au/images/1005/846488.jpg?impolicy=wowsmkqiema&w=260&h=260,$2.80,$0.97 / 100ML,4.4,867, Add to cart , Save to list 
Woolworths Fruit Salad In Juice 825g,https://www.woolworths.com.au/shop/productdetails/204671/woolworths-fruit-salad-in-juice,https://assets.woolworths.com.au/images/1005/204671.jpg?impolicy=wowsmkqiema&w=260&h=260,$4.00,$4.85 / 1KG,,, Add to cart , Save to list 
Equal Sweetener Tablets 300 Pack,https://www.woolworths.com.au/shop/productdetails/24488/equal-sweetener-tablets,https://assets.woolworths.com.au/images/1005/24488.jpg?impolicy=wowsmkqiema&w=260&h=260,$8.80,$2.93 / 100EA,,, Add to cart , Save to list 
Wai Wai Noodles Rice Vermicelli Instant 55g,https://www.woolworths.com.au/shop/productdetails/53389/wai-wai-noodles-rice-vermicelli-instant,https://assets.woolworths.com.au/images/1005/53389.jpg?impolicy=wowsmkqiema&w=260&h=260,$0.85,$1.55 / 100G,,, Add to cart , Save to list 
Wel Pac Dried Cut Seaweed 56.7g,https://www.woolworths.com.au/shop/productdetails/673016/wel-pac-dried-cut-seaweed,https://assets.woolworths.com.au/images/1005/673016.jpg?impolicy=wowsmkqiema&w=260&h=260,$5.00,$8.82 / 100G,,, Add to cart , Save to list 
San Remo Cous Cous Medium Grain 500g,https://www.woolworths.com.au/shop/productdetails/25207/san-remo-cous-cous-medium-grain,https://assets.woolworths.com.au/images/1005/25207.jpg?impolicy=wowsmkqiema&w=260&h=260,$3.00,$0.60 / 100G,,, Add to cart , Save to list 
Splenda Stevia Liquid Sweetener 50ml,https://www.woolworths.com.au/shop/productdetails/142912/splenda-stevia-liquid-sweetener,https://assets.woolworths.com.au/images/1005/142912.jpg?impolicy=wowsmkqiema&w=260&h=260,$5.40,$10.80 / 100ML,,, Add to cart , Save to list 
Vittoria Espresso Ground Coffee 500g,https://www.woolworths.com.au/shop/productdetails/147701/vittoria-espresso-ground-coffee,https://assets.woolworths.com.au/images/1005/147701.jpg?impolicy=wowsmkqiema&w=260&h=260,$20.00,$4.00 / 100G,,, Add to cart , Save to list 
Campbell's Chunky Soup Ham & Pea 505g,https://www.woolworths.com.au/shop/productdetails/245575/campbell-s-chunky-soup-ham-pea,https://assets.woolworths.com.au/images/1005/245575.jpg?impolicy=wowsmkqiema&w=260&h=260,$4.20,$0.83 / 100G,,, Add to cart , Save to list 
Macro Organic Brown Rice Middle Eastern Style 250g,https://www.woolworths.com.au/shop/productdetails/174950/macro-organic-brown-rice-middle-eastern-style,https://assets.woolworths.com.au/images/1005/174950.jpg?impolicy=wowsmkqiema&w=260&h=260,$2.00,$0.80 / 100G,4.0,605, Add to cart , Save to list 
Continental Soup Sensations Vietnamese Chicken & Shiitake Mushroom 40g,https://www.woolworths.com.au/shop/productdetails/199453/continental-soup-sensations-vietnamese-chicken-shiitake-mushroom,https://assets.woolworths.com.au/images/1005/199453.jpg?impolicy=wowsmkqiema&w=260&h=260,$3.50,$8.75 / 100G,,, Add to cart , Save to list 
Birch & Waite Balsamic Vinaigrette 250ml,https://www.woolworths.com.au/shop/productdetails/710168/birch-waite-balsamic-vinaigrette,https://assets.woolworths.com.au/images/1005/710168.jpg?impolicy=wowsmkqiema&w=260&h=260,,,,,, Save to list 
Continental Superb Stock Real Beef Base Liquid Stock Beef 1l,https://www.woolworths.com.au/shop/productdetails/678702/continental-superb-stock-real-beef-base-liquid-stock-beef,https://assets.woolworths.com.au/images/1005/678702.jpg?impolicy=wowsmkqiema&w=260&h=260,$3.00,$0.30 / 100ML,,, Add to cart , Save to list 
Heinz Beanz Baked Beans And Sausages 420g,https://www.woolworths.com.au/shop/productdetails/742286/heinz-beanz-baked-beans-and-sausages-sausages,https://assets.woolworths.com.au/images/1005/742286.jpg?impolicy=wowsmkqiema&w=260&h=260,$3.00,$0.71 / 100G,,, Add to cart , Save to list 
Mission Naan Bread Garlic & Herb 4 Pack,https://www.woolworths.com.au/shop/productdetails/339439/mission-naan-bread-garlic-herb,https://assets.woolworths.com.au/images/1005/339439.jpg?impolicy=wowsmkqiema&w=260&h=260,$4.10,$1.46 / 100G,,, Add to cart , Save to list 
Vicenzi Savoiardi Lady Fingers 400g,https://www.woolworths.com.au/shop/productdetails/151097/vicenzi-savoiardi-lady-fingers,https://assets.woolworths.com.au/images/1005/151097.jpg?impolicy=wowsmkqiema&w=260&h=260,$9.40,$2.35 / 100G,,, Add to cart , Save to list 
Vittoria Organic Coffee Beans Organic 1kg,https://www.woolworths.com.au/shop/productdetails/781407/vittoria-organic-coffee-beans-organic,https://assets.woolworths.com.au/images/1005/781407.jpg?impolicy=wowsmkqiema&w=260&h=260,$26.00,$2.60 / 100G,,, Add to cart , Save to list 
Woolworths Australian Rolled Oats 1.5kg,https://www.woolworths.com.au/shop/productdetails/196293/woolworths-australian-rolled-oats,https://assets.woolworths.com.au/images/1005/196293.jpg?impolicy=wowsmkqiema&w=260&h=260,$2.60,$0.17 / 100G,4.7,788, Add to cart , Save to list 
Saxa Four Seasons Pepper Grinder 35g,https://www.woolworths.com.au/shop/productdetails/142080/saxa-four-seasons-pepper-grinder-four-seasons,https://assets.woolworths.com.au/images/1005/142080.jpg?impolicy=wowsmkqiema&w=260&h=260,$5.50,$1.57 / 10G,,, Add to cart , Save to list 
Sunsol Pro-biotic Almond & Manuka Honey Toasted Muesli 400g,https://www.woolworths.com.au/shop/productdetails/84590/sunsol-pro-biotic-almond-manuka-honey-toasted-muesli,https://assets.woolworths.com.au/images/1005/84590.jpg?impolicy=wowsmkqiema&w=260&h=260,$7.00,$1.75 / 100G,,, Add to cart , Save to list 
Uncle Tobys Oats Breakfast Bakes Cereal Bar Honey & Roasted Almond 260g,https://www.woolworths.com.au/shop/productdetails/28589/uncle-tobys-oats-breakfast-bakes-cereal-bar-honey-roasted-almond,https://assets.woolworths.com.au/images/1005/28589.jpg?impolicy=wowsmkqiema&w=260&h=260,$7.00,$2.69 / 100G,,, Add to cart , Save to list 
White Wings Parsons Vanilla Creamed Rice 98% Fat Free 430g,https://www.woolworths.com.au/shop/productdetails/220111/white-wings-parsons-vanilla-creamed-rice-98-fat-free,https://assets.woolworths.com.au/images/1005/220111.jpg?impolicy=wowsmkqiema&w=260&h=260,$2.90,$0.67 / 100G,,, Add to cart , Save to list 
Barilla Pasta Gluten Free Penne Rigate 340g,https://www.woolworths.com.au/shop/productdetails/620647/barilla-pasta-gluten-free-penne-rigate,https://assets.woolworths.com.au/images/1005/620647.jpg?impolicy=wowsmkqiema&w=260&h=260,$4.70,$1.38 / 100G,5.0,1, Add to cart , Save to list 
Val Verde Basil & Oregano Pizza Sauce 280g,https://www.woolworths.com.au/shop/productdetails/86489/val-verde-basil-oregano-pizza-sauce,https://assets.woolworths.com.au/images/1005/86489.jpg?impolicy=wowsmkqiema&w=260&h=260,$4.20,$1.50 / 100G,,, Add to cart , Save to list 
Arnott's Gluten Free Teevee Snacks Original Biscuits 130g,https://www.woolworths.com.au/shop/productdetails/215331/arnott-s-gluten-free-teevee-snacks-original-biscuits,https://assets.woolworths.com.au/images/1005/215331.jpg?impolicy=wowsmkqiema&w=260&h=260,$5.30,$4.08 / 100G,,, Add to cart , Save to list 
Leggos Pesto Traditional Basil 190g,https://www.woolworths.com.au/shop/productdetails/94375/leggos-pesto-traditional-basil,https://assets.woolworths.com.au/images/1005/94375.jpg?impolicy=wowsmkqiema&w=260&h=260,$5.30,$2.79 / 100G,,, Add to cart , Save to list 
Australian Organic Food Co Chicken Spelt & Vegetable Soup Pouch 330g,https://www.woolworths.com.au/shop/productdetails/678348/australian-organic-food-co-chicken-spelt-vegetable-soup-pouch,https://assets.woolworths.com.au/images/1005/678348.jpg?impolicy=wowsmkqiema&w=260&h=260,$4.50,$1.36 / 100G,3.3,662, Add to cart , Save to list 
Spc Less Sugar Diced Peaches In Juice Fruit Cups 4 X 120g,https://www.woolworths.com.au/shop/productdetails/104999/spc-less-sugar-diced-peaches-in-juice-fruit-cups,https://assets.woolworths.com.au/images/1005/104999.jpg?impolicy=wowsmkqiema&w=260&h=260,$4.50,$9.38 / 1KG,,, Add to cart , Save to list 
White Wings Plain Flour 1kg,https://www.woolworths.com.au/shop/productdetails/33064/white-wings-plain-flour,https://assets.woolworths.com.au/images/1005/33064.jpg?impolicy=wowsmkqiema&w=260&h=260,$3.00,$3.00 / 1KG,,, Add to cart , Save to list 
Almond Breeze Unsweetened Almond Milk 1l,https://www.woolworths.com.au/shop/productdetails/761604/almond-breeze-unsweetened-almond-milk,https://assets.woolworths.com.au/images/1005/761604.jpg?impolicy=wowsmkqiema&w=260&h=260,$3.00,$3.00 / 1L,,, Add to cart , Save to list 
Nescafe Starbucks Medium Roast Premium Instant Coffee 90g,https://www.woolworths.com.au/shop/productdetails/101681/nescafe-starbucks-medium-roast-premium-instant-coffee,https://assets.woolworths.com.au/images/1005/101681.jpg?impolicy=wowsmkqiema&w=260&h=260,$13.00,$14.44 / 100G,,, Add to cart , Save to list 
Queen Pure Maple Syrup 250ml,https://www.woolworths.com.au/shop/productdetails/142574/queen-pure-maple-syrup,https://assets.woolworths.com.au/images/1005/142574.jpg?impolicy=wowsmkqiema&w=260&h=260,$9.50,$3.80 / 100ML,,, Add to cart , Save to list 
Spc Peaches Sliced In Juice Canned Fruit 825g,https://www.woolworths.com.au/shop/productdetails/32321/spc-peaches-sliced-in-juice-canned-fruit,https://assets.woolworths.com.au/images/1005/32321.jpg?impolicy=wowsmkqiema&w=260&h=260,$5.00,$6.06 / 1KG,,, Add to cart , Save to list 
Suthera Thai Coconut Roll Original 70g,https://www.woolworths.com.au/shop/productdetails/123983/suthera-thai-coconut-roll-original,https://assets.woolworths.com.au/images/1005/123983.jpg?impolicy=wowsmkqiema&w=260&h=260,$2.00,$2.86 / 100G,4.4,828, Add to cart , Save to list 
Vittoria Espresso Ground Coffee 200g,https://www.woolworths.com.au/shop/productdetails/37831/vittoria-espresso-ground-coffee,https://assets.woolworths.com.au/images/1005/37831.jpg?impolicy=wowsmkqiema&w=260&h=260,$10.00,$5.00 / 100G,,, Add to cart , Save to list 
Annalisa Lentils 400g,https://www.woolworths.com.au/shop/productdetails/195100/annalisa-lentils,https://assets.woolworths.com.au/images/1005/195100.jpg?impolicy=wowsmkqiema&w=260&h=260,$1.40,$0.35 / 100G,,, Add to cart , Save to list 
Ben's Original Indian Style Spiced Microwave Rice Pouch 250g,https://www.woolworths.com.au/shop/productdetails/80037/ben-s-original-indian-style-spiced-microwave-rice-pouch,https://assets.woolworths.com.au/images/1005/80037.jpg?impolicy=wowsmkqiema&w=260&h=260,$3.00,$1.20 / 100G,,, Add to cart , Save to list 
Sacla Pesto Classic Green 190g,https://www.woolworths.com.au/shop/productdetails/34565/sacla-pesto-classic-green,https://assets.woolworths.com.au/images/1005/34565.jpg?impolicy=wowsmkqiema&w=260&h=260,$5.90,$3.11 / 100G,,, Add to cart , Save to list 
Twinings Chai Vanilla Tea Bags 80 Pack,https://www.woolworths.com.au/shop/productdetails/94179/twinings-chai-vanilla-tea-bags-bags,https://assets.woolworths.com.au/images/1005/94179.jpg?impolicy=wowsmkqiema&w=260&h=260,$13.50,$0.17 / 1EA,,, Add to cart , Save to list 
Huy Fong Chilli Paste Sambal Oelek 230ml,https://www.woolworths.com.au/shop/productdetails/867174/huy-fong-chilli-paste-sambal-oelek,https://assets.woolworths.com.au/images/1005/867174.jpg?impolicy=wowsmkqiema&w=260&h=260,$6.00,$2.61 / 100ML,,, Add to cart , Save to list 
Woolworths Fruit Salad In Juice Cups 4 Pack,https://www.woolworths.com.au/shop/productdetails/744518/woolworths-fruit-salad-in-juice-cups,https://assets.woolworths.com.au/images/1005/744518.jpg?impolicy=wowsmkqiema&w=260&h=260,$2.20,$4.40 / 1KG,3.1,396, Add to cart , Save to list 
Woolworths In Juice Sliced Pear 410g,https://www.woolworths.com.au/shop/productdetails/753172/woolworths-in-juice-sliced-pear,https://assets.woolworths.com.au/images/1005/753172.jpg?impolicy=wowsmkqiema&w=260&h=260,$2.00,$4.88 / 1KG,4.4,536, Add to cart , Save to list 
Valcom Paste Thai Green Curry 210g,https://www.woolworths.com.au/shop/productdetails/82125/valcom-paste-thai-green-curry,https://assets.woolworths.com.au/images/1005/82125.jpg?impolicy=wowsmkqiema&w=260&h=260,$3.40,$1.62 / 100G,,, Add to cart , Save to list 
"Ben's Original Protein+ Lentils, Tumeric & Brown Rice 180g",https://www.woolworths.com.au/shop/productdetails/199836/ben-s-original-protein-lentils-tumeric-brown-rice,https://assets.woolworths.com.au/images/1005/199836.jpg?impolicy=wowsmkqiema&w=260&h=260,$3.50,$1.94 / 100G,,, Add to cart , Save to list 
Essentials Ice Cream Cone Cups 24 Pack,https://www.woolworths.com.au/shop/productdetails/318710/essentials-ice-cream-cone-cups,https://assets.woolworths.com.au/images/1005/318710.jpg?impolicy=wowsmkqiema&w=260&h=260,$2.00,$2.00 / 100G,4.5,323, Add to cart , Save to list 
Ben's Original Mushroom Risotto Meal For One 250g,https://www.woolworths.com.au/shop/productdetails/199817/ben-s-original-mushroom-risotto-meal-for-one,https://assets.woolworths.com.au/images/1005/199817.jpg?impolicy=wowsmkqiema&w=260&h=260,$4.50,$1.80 / 100G,,, Add to cart , Save to list 
Cadbury Baking Dark Chocolate Chips 200g,https://www.woolworths.com.au/shop/productdetails/828994/cadbury-baking-dark-chocolate-chips,https://assets.woolworths.com.au/images/1005/828994.jpg?impolicy=wowsmkqiema&w=260&h=260,$2.70,$1.35 / 100G,,, Add to cart , Save to list 
Continental Simmer Soup Cream Of Chicken 45g,https://www.woolworths.com.au/shop/productdetails/34391/continental-simmer-soup-cream-of-chicken,https://assets.woolworths.com.au/images/1005/34391.jpg?impolicy=wowsmkqiema&w=260&h=260,$1.70,$3.78 / 100G,,, Add to cart , Save to list 
Woolworths Apple & Strawberry Puree In Pouch 90g,https://www.woolworths.com.au/shop/productdetails/669966/woolworths-apple-strawberry-puree-in-pouch,https://assets.woolworths.com.au/images/1005/669966.jpg?impolicy=wowsmkqiema&w=260&h=260,$0.95,$10.56 / 1KG,3.4,1367, Add to cart , Save to list 
Orion Turtle Chips Corn Soup 160g,https://www.woolworths.com.au/shop/productdetails/117573/orion-turtle-chips-corn-soup,https://assets.woolworths.com.au/images/1005/117573.jpg?impolicy=wowsmkqiema&w=260&h=260,$3.60,$2.25 / 100G,,, Add to cart , Save to list 
Health Rite Vegetable Salt 250g,https://www.woolworths.com.au/shop/productdetails/56866/health-rite-vegetable-salt,https://assets.woolworths.com.au/images/1005/56866.jpg?impolicy=wowsmkqiema&w=260&h=260,$3.00,$0.12 / 10G,,, Add to cart , Save to list 
La Zuppa Microwave Soup Pumpkin 420g,https://www.woolworths.com.au/shop/productdetails/297729/la-zuppa-microwave-soup-pumpkin-pumpkin,https://assets.woolworths.com.au/images/1005/297729.jpg?impolicy=wowsmkqiema&w=260&h=260,$4.60,$1.10 / 100G,,, Add to cart , Save to list 
San Remo Lasagne Pasta Instant Large Fam Pack 375g,https://www.woolworths.com.au/shop/productdetails/212064/san-remo-lasagne-pasta-instant-large-fam-pack,https://assets.woolworths.com.au/images/1005/212064.jpg?impolicy=wowsmkqiema&w=260&h=260,$3.90,$1.04 / 100G,,, Add to cart , Save to list 
Barilla Pesto Genovese Pasta Sauce 190g,https://www.woolworths.com.au/shop/productdetails/3466/barilla-pesto-genovese-pasta-sauce-alla-genovese,https://assets.woolworths.com.au/images/1005/3466.jpg?impolicy=wowsmkqiema&w=260&h=260,$5.00,$2.63 / 100G,,, Add to cart , Save to list 
Sandhurst Semi Dried Tomato Strips 125g,https://www.woolworths.com.au/shop/productdetails/787707/sandhurst-semi-dried-tomato-strips-sundried-strips,https://assets.woolworths.com.au/images/1005/787707.jpg?impolicy=wowsmkqiema&w=260&h=260,$4.50,$36.00 / 1KG,,, Add to cart , Save to list 
Woolworths Vinegar Balsamic White 250ml,https://www.woolworths.com.au/shop/productdetails/257303/woolworths-vinegar-balsamic-white,https://assets.woolworths.com.au/images/1005/257303.jpg?impolicy=wowsmkqiema&w=260&h=260,$3.00,$1.20 / 100ML,,, Add to cart , Save to list 
Dilmah Premium Quality Loose Leaf Tea 250g,https://www.woolworths.com.au/shop/productdetails/18206/dilmah-premium-quality-loose-leaf-tea,https://assets.woolworths.com.au/images/1005/18206.jpg?impolicy=wowsmkqiema&w=260&h=260,$3.95,$1.58 / 100G,,, Add to cart , Save to list 
San Remo La Pasta Macaroni Cheese 160g,https://www.woolworths.com.au/shop/productdetails/700721/san-remo-la-pasta-macaroni-cheese,https://assets.woolworths.com.au/images/1005/700721.jpg?impolicy=wowsmkqiema&w=260&h=260,$2.50,$1.56 / 100G,,, Add to cart , Save to list 
Woolworths Vanilla Extract 200ml,https://www.woolworths.com.au/shop/productdetails/149218/woolworths-vanilla-extract,https://assets.woolworths.com.au/images/1005/149218.jpg?impolicy=wowsmkqiema&w=260&h=260,$10.00,$5.00 / 100ML,4.2,515, Add to cart , Save to list 
Gravox Pepper Steak Sauce Family Pack Liquid Pouch 250g,https://www.woolworths.com.au/shop/productdetails/674979/gravox-pepper-steak-sauce-family-pack-liquid-pouch,https://assets.woolworths.com.au/images/1005/674979.jpg?impolicy=wowsmkqiema&w=260&h=260,$4.00,$1.60 / 100G,,, Add to cart , Save to list 
Woolworths Beetroot Sliced 425g,https://www.woolworths.com.au/shop/productdetails/751321/woolworths-beetroot-sliced,https://assets.woolworths.com.au/images/1005/751321.jpg?impolicy=wowsmkqiema&w=260&h=260,$1.75,$4.12 / 1KG,4.6,610, Add to cart , Save to list 
Macro Organic Coconut Cream 400ml,https://www.woolworths.com.au/shop/productdetails/297000/macro-organic-coconut-cream,https://assets.woolworths.com.au/images/1005/297000.jpg?impolicy=wowsmkqiema&w=260&h=260,$2.35,$0.59 / 100ML,4.6,200, Add to cart , Save to list 
Sanitarium Up&go Liquid Breakfast Banana 6 Pack,https://www.woolworths.com.au/shop/productdetails/369908/sanitarium-up-go-liquid-breakfast-banana,https://assets.woolworths.com.au/images/1005/369908.jpg?impolicy=wowsmkqiema&w=260&h=260,$10.50,$7.00 / 1L,,, Add to cart , Save to list 
Queen Ultimate Sprinkles Midnight Magic 110g,https://www.woolworths.com.au/shop/productdetails/803578/queen-ultimate-sprinkles-midnight-magic,https://assets.woolworths.com.au/images/1005/803578.jpg?impolicy=wowsmkqiema&w=260&h=260,$4.20,$3.82 / 100G,,, Add to cart , Save to list 
Woolworths Mandarin Canned 310g Can,https://www.woolworths.com.au/shop/productdetails/756336/woolworths-mandarin-canned,https://assets.woolworths.com.au/images/1005/756336.jpg?impolicy=wowsmkqiema&w=260&h=260,$1.30,$4.19 / 1KG,3.7,316, Add to cart , Save to list 
Edgell Creamed Corn Creamed 420g,https://www.woolworths.com.au/shop/productdetails/34094/edgell-creamed-corn-creamed,https://assets.woolworths.com.au/images/1005/34094.jpg?impolicy=wowsmkqiema&w=260&h=260,$2.20,$5.24 / 1KG,,, Add to cart , Save to list 
La Molisana Pastificio Extra Di Lusso Egg Fettuccine 250g,https://www.woolworths.com.au/shop/productdetails/74783/la-molisana-pastificio-extra-di-lusso-egg-fettuccine,https://assets.woolworths.com.au/images/1005/74783.jpg?impolicy=wowsmkqiema&w=260&h=260,$3.50,$1.40 / 100G,4.6,1075, Add to cart , Save to list 
Woolworths Apple Puree In Pouch 90g,https://www.woolworths.com.au/shop/productdetails/669962/woolworths-apple-puree-in-pouch,https://assets.woolworths.com.au/images/1005/669962.jpg?impolicy=wowsmkqiema&w=260&h=260,$0.95,$10.56 / 1KG,3.4,497, Add to cart , Save to list 
Kellogg's Just Right Apricot & Sultana Breakfast Cereal 460g,https://www.woolworths.com.au/shop/productdetails/701638/kelloggs-just-right-apricot-sultana-breakfast-cereal,https://assets.woolworths.com.au/images/1005/701638.jpg?impolicy=wowsmkqiema&w=260&h=260,$5.00,$1.09 / 100G,,, Add to cart , Save to list 
Heinz Beanz Baked Beans In Ham Sauce 300g,https://www.woolworths.com.au/shop/productdetails/624765/heinz-beanz-baked-beans-in-ham-sauce-ham-sauce,https://assets.woolworths.com.au/images/1005/624765.jpg?impolicy=wowsmkqiema&w=260&h=260,$2.80,$0.93 / 100G,,, Add to cart , Save to list 
Birch & Waite Asian Sesame Soy & Ginger Dressing 250ml,https://www.woolworths.com.au/shop/productdetails/60052/birch-waite-asian-sesame-soy-ginger-dressing,https://assets.woolworths.com.au/images/1005/60052.jpg?impolicy=wowsmkqiema&w=260&h=260,,,,,, Save to list 
Bonne Maman Strawberry Conserve 370g,https://www.woolworths.com.au/shop/productdetails/63040/bonne-maman-strawberry-conserve,https://assets.woolworths.com.au/images/1005/63040.jpg?impolicy=wowsmkqiema&w=260&h=260,$5.50,$1.49 / 100G,,, Add to cart , Save to list 
Massel Ultracubes Salt Reduced Chicken 105g,https://www.woolworths.com.au/shop/productdetails/205438/massel-ultracubes-salt-reduced-chicken,https://assets.woolworths.com.au/images/1005/205438.jpg?impolicy=wowsmkqiema&w=260&h=260,$3.40,$0.32 / 10G,,, Add to cart , Save to list 
Liddells Skim Long Life Milk Lactose Free 1l,https://www.woolworths.com.au/shop/productdetails/209144/liddells-skim-long-life-milk-lactose-free,https://assets.woolworths.com.au/images/1005/209144.jpg?impolicy=wowsmkqiema&w=260&h=260,$3.00,$3.00 / 1L,,, Add to cart , Save to list 
Nerada Tea Bags 200 Pack 400g,https://www.woolworths.com.au/shop/productdetails/75979/nerada-tea-bags,https://assets.woolworths.com.au/images/1005/75979.jpg?impolicy=wowsmkqiema&w=260&h=260,$6.00,$0.03 / 1EA,,, Add to cart , Save to list 
Uncle Tobys Squarz The Original Breakfast Cereal 460g,https://www.woolworths.com.au/shop/productdetails/204034/uncle-tobys-squarz-the-original-breakfast-cereal,https://assets.woolworths.com.au/images/1005/204034.jpg?impolicy=wowsmkqiema&w=260&h=260,$6.50,$1.41 / 100G,2.0,1, Add to cart , Save to list 
Valcom Canned Bamboo Shoots Sliced 225g,https://www.woolworths.com.au/shop/productdetails/97730/valcom-canned-bamboo-shoots-sliced,https://assets.woolworths.com.au/images/1005/97730.jpg?impolicy=wowsmkqiema&w=260&h=260,$1.40,$6.22 / 1KG,,, Add to cart , Save to list 
Dolmio Extra Spicy Peppers Tomato Pasta Sauce 500g,https://www.woolworths.com.au/shop/productdetails/758299/dolmio-extra-spicy-peppers-tomato-pasta-sauce,https://assets.woolworths.com.au/images/1005/758299.jpg?impolicy=wowsmkqiema&w=260&h=260,$3.10,$0.62 / 100G,,, Add to cart , Save to list 
Sunrice Brown Rice 5kg,https://www.woolworths.com.au/shop/productdetails/750029/sunrice-brown-rice,https://assets.woolworths.com.au/images/1005/750029.jpg?impolicy=wowsmkqiema&w=260&h=260,$19.00,$0.38 / 100G,,, Add to cart , Save to list 
Woolworths Wholemeal Plain Flour 1kg,https://www.woolworths.com.au/shop/productdetails/535605/woolworths-wholemeal-plain-flour,https://assets.woolworths.com.au/images/1005/535605.jpg?impolicy=wowsmkqiema&w=260&h=260,$2.00,$2.00 / 1KG,4.6,843, Add to cart , Save to list 
Campbell's Bone Broth Free Range Chicken 500ml,https://www.woolworths.com.au/shop/productdetails/820275/campbell-s-bone-broth-free-range-chicken,https://assets.woolworths.com.au/images/1005/820275.jpg?impolicy=wowsmkqiema&w=260&h=260,$6.30,$1.26 / 100ML,,, Add to cart , Save to list 
Heinz Soup Of The Day Veg & Lentil Chilli Paprika Soup Pouch 430g,https://www.woolworths.com.au/shop/productdetails/856749/heinz-soup-of-the-day-veg-lentil-chilli-paprika-soup-pouch,https://assets.woolworths.com.au/images/1005/856749.jpg?impolicy=wowsmkqiema&w=260&h=260,$4.50,$1.05 / 100G,,, Add to cart , Save to list 
Sunrice Microwave Brown Rice & Quinoa 450g,https://www.woolworths.com.au/shop/productdetails/137595/sunrice-microwave-brown-rice-quinoa,https://assets.woolworths.com.au/images/1005/137595.jpg?impolicy=wowsmkqiema&w=260&h=260,$4.00,$0.89 / 100G,,, Add to cart , Save to list 
White Wings Cookie Mix Soft Centred Choc Chip 485g,https://www.woolworths.com.au/shop/productdetails/254804/white-wings-cookie-mix-soft-centred-choc-chip,https://assets.woolworths.com.au/images/1005/254804.jpg?impolicy=wowsmkqiema&w=260&h=260,$5.00,$1.03 / 100G,,, Add to cart , Save to list 
Mitani Chicken Salt 200g,https://www.woolworths.com.au/shop/productdetails/58611/mitani-chicken-salt,https://assets.woolworths.com.au/images/1005/58611.jpg?impolicy=wowsmkqiema&w=260&h=260,$3.80,$0.19 / 10G,,, Add to cart , Save to list 
Yeo's Drink Lychee 300ml,https://www.woolworths.com.au/shop/productdetails/332567/yeo-s-drink-lychee,https://assets.woolworths.com.au/images/1005/332567.jpg?impolicy=wowsmkqiema&w=260&h=260,$1.25,$0.42 / 100ML,,, Add to cart , Save to list 
Mission Corn Chips Extreme Cheese 230g,https://www.woolworths.com.au/shop/productdetails/362694/mission-corn-chips-extreme-cheese,https://assets.woolworths.com.au/images/1005/362694.jpg?impolicy=wowsmkqiema&w=260&h=260,$4.00,$1.74 / 100G,,, Add to cart , Save to list 
F. Whitlock & Sons Killer Baked Beans Smokey Campfire Bbq 420g,https://www.woolworths.com.au/shop/productdetails/157847/f-whitlock-sons-killer-baked-beans-smokey-campfire-bbq,https://assets.woolworths.com.au/images/1005/157847.jpg?impolicy=wowsmkqiema&w=260&h=260,$3.80,$0.90 / 100G,,, Add to cart , Save to list 
Praise Dressings French Original 330ml,https://www.woolworths.com.au/shop/productdetails/212347/praise-dressings-french-original,https://assets.woolworths.com.au/images/1005/212347.jpg?impolicy=wowsmkqiema&w=260&h=260,$3.60,$1.09 / 100ML,,, Add to cart , Save to list 
Woolworths All Spice Ground 30g,https://www.woolworths.com.au/shop/productdetails/250979/woolworths-all-spice-ground,https://assets.woolworths.com.au/images/1005/250979.jpg?impolicy=wowsmkqiema&w=260&h=260,$2.05,$0.68 / 10G,4.5,379, Add to cart , Save to list 
Sweet Baby Ray's Bbq Sauce 425ml,https://www.woolworths.com.au/shop/productdetails/377119/sweet-baby-ray-s-bbq-sauce,https://assets.woolworths.com.au/images/1005/377119.jpg?impolicy=wowsmkqiema&w=260&h=260,$7.20,$1.69 / 100ML,,, Add to cart , Save to list 
Devondale 100% Pure Full Cream Long Life Milk 150ml,https://www.woolworths.com.au/shop/productdetails/310679/devondale-100-pure-full-cream-long-life-milk,https://assets.woolworths.com.au/images/1005/310679.jpg?impolicy=wowsmkqiema&w=260&h=260,$1.30,$8.67 / 1L,,, Add to cart , Save to list 
Edgell Peas & Carrots Peas & Carrots 420g,https://www.woolworths.com.au/shop/productdetails/94250/edgell-peas-carrots-peas-carrots,https://assets.woolworths.com.au/images/1005/94250.jpg?impolicy=wowsmkqiema&w=260&h=260,$2.50,$5.95 / 1KG,,, Add to cart , Save to list 
Macro Organic Baked Beans 420g,https://www.woolworths.com.au/shop/productdetails/700589/macro-organic-baked-beans,https://assets.woolworths.com.au/images/1005/700589.jpg?impolicy=wowsmkqiema&w=260&h=260,$1.60,$0.38 / 100G,3.2,665, Add to cart , Save to list 
Woolworths Chives Fresh Herb 10g Punnet,https://www.woolworths.com.au/shop/productdetails/707374/woolworths-chives-fresh-herb,https://assets.woolworths.com.au/images/1005/707374.jpg?impolicy=wowsmkqiema&w=260&h=260,$3.20,$3.20 / 10G,4.3,468, Add to cart , Save to list 
Australia's Own Unsweetened Coconut Milk 1l,https://www.woolworths.com.au/shop/productdetails/575869/australia-s-own-unsweetened-coconut-milk,https://assets.woolworths.com.au/images/1005/575869.jpg?impolicy=wowsmkqiema&w=260&h=260,$2.35,$2.35 / 1L,,, Add to cart , Save to list 
Patak's Tikka Masala Curry Paste 283g,https://www.woolworths.com.au/shop/productdetails/24275/patak-s-tikka-masala-curry-paste-paste,https://assets.woolworths.com.au/images/1005/24275.jpg?impolicy=wowsmkqiema&w=260&h=260,$5.00,$1.77 / 100G,,, Add to cart , Save to list 
Woolworths Peach Slices In Syrup 825g,https://www.woolworths.com.au/shop/productdetails/89649/woolworths-peach-slices-in-syrup,https://assets.woolworths.com.au/images/1005/89649.jpg?impolicy=wowsmkqiema&w=260&h=260,$3.20,$3.88 / 1KG,,, Add to cart , Save to list 
Don Antonio Pasta Sauce Sugo Al Basilico 500g,https://www.woolworths.com.au/shop/productdetails/963209/don-antonio-pasta-sauce-sugo-al-basilico,https://assets.woolworths.com.au/images/1005/963209.jpg?impolicy=wowsmkqiema&w=260&h=260,$7.00,$1.40 / 100G,,, Add to cart , Save to list 
Keen's Traditional Curry Powder 60g,https://www.woolworths.com.au/shop/productdetails/33280/keens-traditional-curry-powder,https://assets.woolworths.com.au/images/1005/33280.jpg?impolicy=wowsmkqiema&w=260&h=260,$4.30,$0.72 / 10G,5.0,1, Add to cart , Save to list 
Mckenzie's Bi Carb Soda 500g,https://www.woolworths.com.au/shop/productdetails/75201/mckenzie-s-bi-carb-soda,https://assets.woolworths.com.au/images/1005/75201.jpg?impolicy=wowsmkqiema&w=260&h=260,$2.70,$0.54 / 100G,,, Add to cart , Save to list 
Mission Corn Chips Deli Round 500g,https://www.woolworths.com.au/shop/productdetails/356772/mission-corn-chips-deli-round,https://assets.woolworths.com.au/images/1005/356772.jpg?impolicy=wowsmkqiema&w=260&h=260,$5.60,$1.12 / 100G,,, Add to cart , Save to list 
Woolworths Green Stuffed Olives 450g,https://www.woolworths.com.au/shop/productdetails/524430/woolworths-green-stuffed-olives,https://assets.woolworths.com.au/images/1005/524430.jpg?impolicy=wowsmkqiema&w=260&h=260,$1.95,$0.43 / 100G,4.2,787, Add to cart , Save to list 
Sacla Pesto Sundried Tomato Free From 190g,https://www.woolworths.com.au/shop/productdetails/88376/sacla-pesto-sundried-tomato-free-from,https://assets.woolworths.com.au/images/1005/88376.jpg?impolicy=wowsmkqiema&w=260&h=260,$5.90,$3.11 / 100G,,, Add to cart , Save to list 
White Wings Plain Flour 2kg,https://www.woolworths.com.au/shop/productdetails/39900/white-wings-plain-flour,https://assets.woolworths.com.au/images/1005/39900.jpg?impolicy=wowsmkqiema&w=260&h=260,$4.50,$2.25 / 1KG,,, Add to cart , Save to list 
Annalisa Beans Red Kidney 400g,https://www.woolworths.com.au/shop/productdetails/248348/annalisa-beans-red-kidney,https://assets.woolworths.com.au/images/1005/248348.jpg?impolicy=wowsmkqiema&w=260&h=260,$1.40,$0.35 / 100G,,, Add to cart , Save to list 
Vittoria Mountain Grown Coffee Beans 1kg,https://www.woolworths.com.au/shop/productdetails/284455/vittoria-mountain-grown-coffee-beans,https://assets.woolworths.com.au/images/1005/284455.jpg?impolicy=wowsmkqiema&w=260&h=260,$26.00,$2.60 / 100G,,, Add to cart , Save to list 
Zooper Dooper Ice Blocks Sourz 24x70ml,https://www.woolworths.com.au/shop/productdetails/511124/zooper-dooper-ice-blocks-sourz,https://assets.woolworths.com.au/images/1005/511124.jpg?impolicy=wowsmkqiema&w=260&h=260,$6.50,$0.39 / 100ML,,, Add to cart , Save to list 
Dole Pineapple Premium Tropical Chunks 432g,https://www.woolworths.com.au/shop/productdetails/780101/dole-pineapple-premium-tropical-chunks,https://assets.woolworths.com.au/images/1005/780101.jpg?impolicy=wowsmkqiema&w=260&h=260,$3.00,$6.94 / 1KG,,, Add to cart , Save to list 
Heinz Big N Chunky Steak & Mushroom Soup Ready Meals 535g,https://www.woolworths.com.au/shop/productdetails/715078/heinz-big-n-chunky-steak-mushroom-soup-ready-meals,https://assets.woolworths.com.au/images/1005/715078.jpg?impolicy=wowsmkqiema&w=260&h=260,$3.50,$0.65 / 100G,,, Add to cart , Save to list 
Nong Shim Shin Cup Noodle Soup 68g,https://www.woolworths.com.au/shop/productdetails/668740/nong-shim-shin-cup-noodle-soup,https://assets.woolworths.com.au/images/1005/668740.jpg?impolicy=wowsmkqiema&w=260&h=260,$1.75,$2.57 / 100G,,, Add to cart , Save to list 
Woolworths Cocoa Powder 375g,https://www.woolworths.com.au/shop/productdetails/298566/woolworths-cocoa-powder,https://assets.woolworths.com.au/images/1005/298566.jpg?impolicy=wowsmkqiema&w=260&h=260,$4.00,$1.07 / 100G,4.6,397, Add to cart , Save to list 
Lotus Biscoff Spread 400g,https://www.woolworths.com.au/shop/productdetails/670114/lotus-biscoff-spread,https://assets.woolworths.com.au/images/1005/670114.jpg?impolicy=wowsmkqiema&w=260&h=260,$6.50,$1.63 / 100G,,, Add to cart , Save to list 
San Remo La Pasta Carbonara 160g,https://www.woolworths.com.au/shop/productdetails/700713/san-remo-la-pasta-carbonara,https://assets.woolworths.com.au/images/1005/700713.jpg?impolicy=wowsmkqiema&w=260&h=260,$2.50,$1.56 / 100G,,, Add to cart , Save to list 
Leggo's Pizza Sauce Garlic Onion Herb Triple Concentrate Tub 2x140g,https://www.woolworths.com.au/shop/productdetails/98571/leggo-s-pizza-sauce-garlic-onion-herb-triple-concentrate-tub,https://assets.woolworths.com.au/images/1005/98571.jpg?impolicy=wowsmkqiema&w=260&h=260,$3.50,$1.25 / 100G,,, Add to cart , Save to list 
Maggie Beer Natural Beef Stock 500ml,https://www.woolworths.com.au/shop/productdetails/678536/maggie-beer-natural-beef-stock,https://assets.woolworths.com.au/images/1005/678536.jpg?impolicy=wowsmkqiema&w=260&h=260,$5.50,$1.10 / 100ML,5.0,1, Add to cart , Save to list 
White Wings Brownie Mix Chocolate Chunk 475g,https://www.woolworths.com.au/shop/productdetails/325191/white-wings-brownie-mix-chocolate-chunk,https://assets.woolworths.com.au/images/1005/325191.jpg?impolicy=wowsmkqiema&w=260&h=260,$5.00,$1.05 / 100G,,, Add to cart , Save to list 
Deep Cove Red Salmon 105g,https://www.woolworths.com.au/shop/productdetails/128211/deep-cove-red-salmon,https://assets.woolworths.com.au/images/1005/128211.jpg?impolicy=wowsmkqiema&w=260&h=260,$3.70,$35.24 / 1KG,3.1,1751, Add to cart , Save to list 
La Costena Chunky Salsa Mild 310g,https://www.woolworths.com.au/shop/productdetails/155144/la-costena-chunky-salsa-mild,https://assets.woolworths.com.au/images/1005/155144.jpg?impolicy=wowsmkqiema&w=260&h=260,$5.80,$1.87 / 100G,,, Add to cart , Save to list 
Masterfoods Simmer Sauce Butter Chicken 485g,https://www.woolworths.com.au/shop/productdetails/825513/masterfoods-simmer-sauce-butter-chicken,https://assets.woolworths.com.au/images/1005/825513.jpg?impolicy=wowsmkqiema&w=260&h=260,$3.00,$0.62 / 100G,,, Add to cart , Save to list 
Starbucks By Nespresso Intensity 8 House Blend Coffee Pods 36 Pack,https://www.woolworths.com.au/shop/productdetails/221229/starbucks-by-nespresso-intensity-8-house-blend-coffee-pods,https://assets.woolworths.com.au/images/1005/221229.jpg?impolicy=wowsmkqiema&w=260&h=260,$22.00,$0.61 / 1EA,,, Add to cart , Save to list 
Uncle Tobys Fruity Bites Wildberry Flavour Breakfast Cereal 500g,https://www.woolworths.com.au/shop/productdetails/329104/uncle-tobys-fruity-bites-wildberry-flavour-breakfast-cereal,https://assets.woolworths.com.au/images/1005/329104.jpg?impolicy=wowsmkqiema&w=260&h=260,$6.50,$1.30 / 100G,,, Add to cart , Save to list 
Woolworths Dill Fresh Herb 15g,https://www.woolworths.com.au/shop/productdetails/707365/woolworths-dill-fresh-herb,https://assets.woolworths.com.au/images/1005/707365.jpg?impolicy=wowsmkqiema&w=260&h=260,$3.20,$2.13 / 10G,4.4,432, Add to cart , Save to list 
Mckenzie's Pepper Black Ground 100g,https://www.woolworths.com.au/shop/productdetails/75194/mckenzie-s-pepper-black-ground,https://assets.woolworths.com.au/images/1005/75194.jpg?impolicy=wowsmkqiema&w=260&h=260,$4.20,$0.42 / 10G,,, Add to cart , Save to list 
Woolworths Gravy Mix Traditional 120g,https://www.woolworths.com.au/shop/productdetails/250679/woolworths-gravy-mix-traditional,https://assets.woolworths.com.au/images/1005/250679.jpg?impolicy=wowsmkqiema&w=260&h=260,$2.10,$0.18 / 10G,3.8,564, Add to cart , Save to list 
Praise Dressings Caesar 330ml,https://www.woolworths.com.au/shop/productdetails/274308/praise-dressings-caesar,https://assets.woolworths.com.au/images/1005/274308.jpg?impolicy=wowsmkqiema&w=260&h=260,$3.60,$1.09 / 100ML,,, Add to cart , Save to list 
Nerada Tea Bags 100 Pack 200g,https://www.woolworths.com.au/shop/productdetails/76493/nerada-tea-bags,https://assets.woolworths.com.au/images/1005/76493.jpg?impolicy=wowsmkqiema&w=260&h=260,$5.30,$0.05 / 1EA,,, Add to cart , Save to list 
Patak's Mild Butter Chicken Simmer Sauce 450g,https://www.woolworths.com.au/shop/productdetails/580621/patak-s-mild-butter-chicken-simmer-sauce,https://assets.woolworths.com.au/images/1005/580621.jpg?impolicy=wowsmkqiema&w=260&h=260,$3.50,$0.78 / 100G,,, Add to cart , Save to list 
Woolworths Green Basil Fresh Herb 15g Punnet,https://www.woolworths.com.au/shop/productdetails/707364/woolworths-green-basil-fresh-herb,https://assets.woolworths.com.au/images/1005/707364.jpg?impolicy=wowsmkqiema&w=260&h=260,$3.20,$2.13 / 10G,3.9,529, Add to cart , Save to list 
Guzzi's Golden Pasta Gnocchi Potato Dry 500g,https://www.woolworths.com.au/shop/productdetails/15458/guzzi-s-golden-pasta-gnocchi-potato-dry,https://assets.woolworths.com.au/images/1005/15458.jpg?impolicy=wowsmkqiema&w=260&h=260,$4.45,$0.89 / 100G,,, Add to cart , Save to list 
Kewpie Mayonnaise Wasabi Flavour 300g,https://www.woolworths.com.au/shop/productdetails/790377/kewpie-mayonnaise-wasabi-flavour,https://assets.woolworths.com.au/images/1005/790377.jpg?impolicy=wowsmkqiema&w=260&h=260,$3.80,$1.27 / 100G,,, Add to cart , Save to list 
Kraft Easy Mac & Cheese Macaroni Pasta Classic Cheese Noodles 560g,https://www.woolworths.com.au/shop/productdetails/255147/kraft-easy-mac-cheese-macaroni-pasta-classic-cheese-noodles,https://assets.woolworths.com.au/images/1005/255147.jpg?impolicy=wowsmkqiema&w=260&h=260,$7.90,$1.41 / 100G,,, Add to cart , Save to list 
Woolworths Cayenne Pepper 30g,https://www.woolworths.com.au/shop/productdetails/250992/woolworths-cayenne-pepper,https://assets.woolworths.com.au/images/1005/250992.jpg?impolicy=wowsmkqiema&w=260&h=260,$2.60,$0.87 / 10G,4.5,395, Add to cart , Save to list 
Woolworths Seasoning Moroccan 52g,https://www.woolworths.com.au/shop/productdetails/251122/woolworths-seasoning-moroccan,https://assets.woolworths.com.au/images/1005/251122.jpg?impolicy=wowsmkqiema&w=260&h=260,$2.60,$0.50 / 10G,4.5,773, Add to cart , Save to list 
Woolworths Smoked Sprats In Oil 120g,https://www.woolworths.com.au/shop/productdetails/129035/woolworths-smoked-sprats-in-oil,https://assets.woolworths.com.au/images/1005/129035.jpg?impolicy=wowsmkqiema&w=260&h=260,$3.00,$25.00 / 1KG,3.4,562, Add to cart , Save to list 
Hart & Soul All Natural Pho Soup Cup 100g,https://www.woolworths.com.au/shop/productdetails/676576/hart-soul-all-natural-pho-soup-cup,https://assets.woolworths.com.au/images/1005/676576.jpg?impolicy=wowsmkqiema&w=260&h=260,$1.50,$1.50 / 100G,,, Add to cart , Save to list 
Spc Tropics Mangoes In Juice Fruit Cups 4 X 120g,https://www.woolworths.com.au/shop/productdetails/591706/spc-tropics-mangoes-in-juice-fruit-cups,https://assets.woolworths.com.au/images/1005/591706.jpg?impolicy=wowsmkqiema&w=260&h=260,$4.50,$9.38 / 1KG,,, Add to cart , Save to list 
Jacobs Snacks Original Twiglets 45g,https://www.woolworths.com.au/shop/productdetails/362224/jacobs-snacks-original-twiglets,https://assets.woolworths.com.au/images/1005/362224.jpg?impolicy=wowsmkqiema&w=260&h=260,$2.30,$5.11 / 100G,,, Add to cart , Save to list 
Spc Baked Beans Rich Tomato Salt Reduced 220g X 4 Pack,https://www.woolworths.com.au/shop/productdetails/758809/spc-baked-beans-rich-tomato-salt-reduced,https://assets.woolworths.com.au/images/1005/758809.jpg?impolicy=wowsmkqiema&w=260&h=260,$5.00,$0.57 / 100G,,, Add to cart , Save to list 
Twinings Live Well Sleep Well Tea Bags 22 Pack,https://www.woolworths.com.au/shop/productdetails/226405/twinings-live-well-sleep-well-tea-bags,https://assets.woolworths.com.au/images/1005/226405.jpg?impolicy=wowsmkqiema&w=260&h=260,$7.50,$0.34 / 1EA,,, Add to cart , Save to list 
Csr White Sugar Cubes 450g,https://www.woolworths.com.au/shop/productdetails/112080/csr-white-sugar-cubes,https://assets.woolworths.com.au/images/1005/112080.jpg?impolicy=wowsmkqiema&w=260&h=260,$4.50,$1.00 / 100G,,, Add to cart , Save to list 
Woolworths Two Fruits In Tropical Jelly 4 Pack,https://www.woolworths.com.au/shop/productdetails/245396/woolworths-two-fruits-in-tropical-jelly,https://assets.woolworths.com.au/images/1005/245396.jpg?impolicy=wowsmkqiema&w=260&h=260,$2.20,$4.58 / 1KG,3.9,464, Add to cart , Save to list 
Paramount Salmon Pink 210g,https://www.woolworths.com.au/shop/productdetails/95116/paramount-salmon-pink,https://assets.woolworths.com.au/images/1005/95116.jpg?impolicy=wowsmkqiema&w=260&h=260,$6.00,$28.57 / 1KG,,, Add to cart , Save to list 
Praise Dressings Thousand Island 330ml,https://www.woolworths.com.au/shop/productdetails/232124/praise-dressings-thousand-island,https://assets.woolworths.com.au/images/1005/232124.jpg?impolicy=wowsmkqiema&w=260&h=260,$3.60,$1.09 / 100ML,,, Add to cart , Save to list 
Vittoria Espresso Nespresso Compatible Coffee Capsules Pack 10,https://www.woolworths.com.au/shop/productdetails/93221/vittoria-espresso-nespresso-compatible-coffee-capsules,https://assets.woolworths.com.au/images/1005/93221.jpg?impolicy=wowsmkqiema&w=260&h=260,$5.50,$0.55 / 1EA,,, Add to cart , Save to list 
Pandaroo Coconut Cream 400ml,https://www.woolworths.com.au/shop/productdetails/189726/pandaroo-coconut-cream,https://assets.woolworths.com.au/images/1005/189726.jpg?impolicy=wowsmkqiema&w=260&h=260,$2.00,$0.50 / 100ML,,, Add to cart , Save to list 
Vittoria Espressotoria Italian Coffee Capsules 12 Pack,https://www.woolworths.com.au/shop/productdetails/829332/vittoria-espressotoria-italian-coffee-capsules,https://assets.woolworths.com.au/images/1005/829332.jpg?impolicy=wowsmkqiema&w=260&h=260,$10.00,$0.83 / 1EA,,, Add to cart , Save to list 
Heinz Soup Of The Day Pumpkin & Cauliflower With Turmeric 430g,https://www.woolworths.com.au/shop/productdetails/203960/heinz-soup-of-the-day-pumpkin-cauliflower-with-turmeric,https://assets.woolworths.com.au/images/1005/203960.jpg?impolicy=wowsmkqiema&w=260&h=260,$2.25,$0.52 / 100G,,, Add to cart , Save to list 
Obento Japanese Panko Breadcrumbs 200g,https://www.woolworths.com.au/shop/productdetails/702323/obento-japanese-panko-breadcrumbs,https://assets.woolworths.com.au/images/1005/702323.jpg?impolicy=wowsmkqiema&w=260&h=260,$1.45,$0.73 / 100G,,, Add to cart , Save to list 
Russino Anchovies Flat 80g,https://www.woolworths.com.au/shop/productdetails/41856/russino-anchovies-flat,https://assets.woolworths.com.au/images/1005/41856.jpg?impolicy=wowsmkqiema&w=260&h=260,$3.80,$47.50 / 1KG,,, Add to cart , Save to list 
Three Threes Bbq Rib Sauce 275ml,https://www.woolworths.com.au/shop/productdetails/340189/three-threes-bbq-rib-sauce,https://assets.woolworths.com.au/images/1005/340189.jpg?impolicy=wowsmkqiema&w=260&h=260,$3.30,$1.20 / 100ML,,, Add to cart , Save to list 
Csr Caster Sugar Raw 750g,https://www.woolworths.com.au/shop/productdetails/364085/csr-caster-sugar-raw,https://assets.woolworths.com.au/images/1005/364085.jpg?impolicy=wowsmkqiema&w=260&h=260,$3.50,$0.47 / 100G,,, Add to cart , Save to list 
Masterfoods Garlic Salt 210g,https://www.woolworths.com.au/shop/productdetails/35551/masterfoods-garlic-salt,https://assets.woolworths.com.au/images/1005/35551.jpg?impolicy=wowsmkqiema&w=260&h=260,$4.50,$0.21 / 10G,,, Add to cart , Save to list 
S&b Golden Curry Mix Mild 92g,https://www.woolworths.com.au/shop/productdetails/682526/s-b-golden-curry-mix-mild,https://assets.woolworths.com.au/images/1005/682526.jpg?impolicy=wowsmkqiema&w=260&h=260,$4.00,$4.35 / 100G,,, Add to cart , Save to list 
Valcom Paste Thai Red Curry 210g,https://www.woolworths.com.au/shop/productdetails/82126/valcom-paste-thai-red-curry,https://assets.woolworths.com.au/images/1005/82126.jpg?impolicy=wowsmkqiema&w=260&h=260,$3.40,$1.62 / 100G,,, Add to cart , Save to list 
Woolworths Pear In Raspberry Flavoured Jelly 4x120g,https://www.woolworths.com.au/shop/productdetails/245393/woolworths-pear-in-raspberry-flavoured-jelly,https://assets.woolworths.com.au/images/1005/245393.jpg?impolicy=wowsmkqiema&w=260&h=260,$2.20,$4.58 / 1KG,3.6,238, Add to cart , Save to list 
Leggos Organic Passata Tomato & Basil 700g,https://www.woolworths.com.au/shop/productdetails/227299/leggos-organic-passata-tomato-basil,https://assets.woolworths.com.au/images/1005/227299.jpg?impolicy=wowsmkqiema&w=260&h=260,$4.50,$0.64 / 100G,,, Add to cart , Save to list 
Uncle Tobys Oats Quick Oats Porridge Porridge 500g,https://www.woolworths.com.au/shop/productdetails/31129/uncle-tobys-oats-quick-oats-porridge-porridge,https://assets.woolworths.com.au/images/1005/31129.jpg?impolicy=wowsmkqiema&w=260&h=260,$2.25,$0.45 / 100G,,, Add to cart , Save to list 
Woolworths Black Sliced Olives 430g,https://www.woolworths.com.au/shop/productdetails/524432/woolworths-black-sliced-olives,https://assets.woolworths.com.au/images/1005/524432.jpg?impolicy=wowsmkqiema&w=260&h=260,$2.00,$0.47 / 100G,4.0,376, Add to cart , Save to list 
Juicy Isle Chocolate Topping 375ml,https://www.woolworths.com.au/shop/productdetails/830067/juicy-isle-chocolate-topping,https://assets.woolworths.com.au/images/1005/830067.jpg?impolicy=wowsmkqiema&w=260&h=260,$2.50,$0.67 / 100ML,,, Add to cart , Save to list 
Mckenzie's Arrowroot Tapioca Flour 175g,https://www.woolworths.com.au/shop/productdetails/226010/mckenzie-s-arrowroot-tapioca-flour,https://assets.woolworths.com.au/images/1005/226010.jpg?impolicy=wowsmkqiema&w=260&h=260,$1.90,$1.09 / 100G,,, Add to cart , Save to list 
Robert Timms Coffee Bags Decaffeinated 18 Pack,https://www.woolworths.com.au/shop/productdetails/157346/robert-timms-coffee-bags-decaffeinated,https://assets.woolworths.com.au/images/1005/157346.jpg?impolicy=wowsmkqiema&w=260&h=260,$10.00,$0.56 / 1EA,5.0,1, Add to cart , Save to list 
Uncle Tobys Oats Breakfast Bakes Cereal Bar Apple & Cinnamon 260g,https://www.woolworths.com.au/shop/productdetails/28617/uncle-tobys-oats-breakfast-bakes-cereal-bar-apple-cinnamon,https://assets.woolworths.com.au/images/1005/28617.jpg?impolicy=wowsmkqiema&w=260&h=260,$7.00,$2.69 / 100G,,, Add to cart , Save to list 
Maggi 2 Minute Instant Cup Noodle Beef 58g,https://www.woolworths.com.au/shop/productdetails/224906/maggi-2-minute-instant-cup-noodle-beef,https://assets.woolworths.com.au/images/1005/224906.jpg?impolicy=wowsmkqiema&w=260&h=260,$1.50,$2.50 / 100G,,, Add to cart , Save to list 
Sacla Basil Pesto 190g,https://www.woolworths.com.au/shop/productdetails/88125/sacla-basil-pesto,https://assets.woolworths.com.au/images/1005/88125.jpg?impolicy=wowsmkqiema&w=260&h=260,$5.90,$3.11 / 100G,,, Add to cart , Save to list 
Trident Chilli Sauce Sweet Chilli 285ml,https://www.woolworths.com.au/shop/productdetails/24765/trident-chilli-sauce-sweet-chilli,https://assets.woolworths.com.au/images/1005/24765.jpg?impolicy=wowsmkqiema&w=260&h=260,$3.40,$1.19 / 100ML,,, Add to cart , Save to list 
Dilmah Extra Strength Tea Bags 50 Pack,https://www.woolworths.com.au/shop/productdetails/199689/dilmah-extra-strength-tea-bags,https://assets.woolworths.com.au/images/1005/199689.jpg?impolicy=wowsmkqiema&w=260&h=260,$4.00,$0.08 / 1EA,,, Add to cart , Save to list 
Mazzetti Apple Cider Vinegar With Mother 500ml,https://www.woolworths.com.au/shop/productdetails/895992/mazzetti-apple-cider-vinegar-with-mother,https://assets.woolworths.com.au/images/1005/895992.jpg?impolicy=wowsmkqiema&w=260&h=260,$5.00,$1.00 / 100ML,,, Add to cart , Save to list 
Masterfoods Japanese Style Tonkatsu 250ml,https://www.woolworths.com.au/shop/productdetails/166783/masterfoods-japanese-style-tonkatsu,https://assets.woolworths.com.au/images/1005/166783.jpg?impolicy=wowsmkqiema&w=260&h=260,$4.50,$1.80 / 100ML,,, Add to cart , Save to list 
Leggos Pasta Bake Tomato Ricotta & Spinach 500g,https://www.woolworths.com.au/shop/productdetails/451728/leggos-pasta-bake-tomato-ricotta-spinach,https://assets.woolworths.com.au/images/1005/451728.jpg?impolicy=wowsmkqiema&w=260&h=260,$4.50,$0.90 / 100G,,, Add to cart , Save to list 
Ayam Coconut Milk 400ml,https://www.woolworths.com.au/shop/productdetails/489128/ayam-coconut-milk,https://assets.woolworths.com.au/images/1005/489128.jpg?impolicy=wowsmkqiema&w=260&h=260,$3.90,$0.98 / 100ML,,, Add to cart , Save to list 
Uncle Tobys Cereal Plus Iron 410g,https://www.woolworths.com.au/shop/productdetails/827577/uncle-tobys-cereal-plus-iron,https://assets.woolworths.com.au/images/1005/827577.jpg?impolicy=wowsmkqiema&w=260&h=260,$6.50,$1.59 / 100G,,, Add to cart , Save to list 
Hong Gong Cooking Rice Wine 620ml,https://www.woolworths.com.au/shop/productdetails/805283/hong-gong-cooking-rice-wine,https://assets.woolworths.com.au/images/1005/805283.jpg?impolicy=wowsmkqiema&w=260&h=260,$2.80,$0.45 / 100ML,,, Add to cart , Save to list 
Mama Shrimp (tom Yum) Instant Noodles 90g X5 Pack,https://www.woolworths.com.au/shop/productdetails/83291/mama-shrimp-tom-yum-instant-noodles,https://assets.woolworths.com.au/images/1005/83291.jpg?impolicy=wowsmkqiema&w=260&h=260,$6.50,$1.44 / 100G,,, Add to cart , Save to list 
White Wings Pancake Mix Original Shaker 350g,https://www.woolworths.com.au/shop/productdetails/96730/white-wings-pancake-mix-original-shaker,https://assets.woolworths.com.au/images/1005/96730.jpg?impolicy=wowsmkqiema&w=260&h=260,$2.50,$0.71 / 100G,,, Add to cart , Save to list 
Birch & Waite Greek Lemon Dressing 250ml,https://www.woolworths.com.au/shop/productdetails/710191/birch-waite-greek-lemon-dressing,https://assets.woolworths.com.au/images/1005/710191.jpg?impolicy=wowsmkqiema&w=260&h=260,$6.00,$2.40 / 100ML,,, Add to cart , Save to list 
Dollar Sweets Choclettes 150g,https://www.woolworths.com.au/shop/productdetails/264095/dollar-sweets-choclettes,https://assets.woolworths.com.au/images/1005/264095.jpg?impolicy=wowsmkqiema&w=260&h=260,$2.15,$1.43 / 100G,,, Add to cart , Save to list 
Lakanto Monkfruit Classic Sweetener Replaces White Sugar 200g,https://www.woolworths.com.au/shop/productdetails/54737/lakanto-monkfruit-classic-sweetener-replaces-white-sugar,https://assets.woolworths.com.au/images/1005/54737.jpg?impolicy=wowsmkqiema&w=260&h=260,$8.90,$4.45 / 100G,,, Add to cart , Save to list 
Sanitarium Up&go Dairy Free Liquid Breakfast Vanilla Ice 12 Pack,https://www.woolworths.com.au/shop/productdetails/119755/sanitarium-up-go-dairy-free-liquid-breakfast-vanilla-ice,https://assets.woolworths.com.au/images/1005/119755.jpg?impolicy=wowsmkqiema&w=260&h=260,$15.80,$5.27 / 1L,,, Add to cart , Save to list 
Woolworths Jelly Lime 85g,https://www.woolworths.com.au/shop/productdetails/294263/woolworths-jelly-lime,https://assets.woolworths.com.au/images/1005/294263.jpg?impolicy=wowsmkqiema&w=260&h=260,,,4.3,1043,, Save to list 
Sirena Tuna & Marinated Vegetables Vegetables 185g,https://www.woolworths.com.au/shop/productdetails/238181/sirena-tuna-marinated-vegetables-vegetables,https://assets.woolworths.com.au/images/1005/238181.jpg?impolicy=wowsmkqiema&w=260&h=260,$4.70,$25.41 / 1KG,,, Add to cart , Save to list 
Sanitarium Up&go Protein Energize Coffee 250ml X6 Pack,https://www.woolworths.com.au/shop/productdetails/750104/sanitarium-up-go-protein-energize-coffee,https://assets.woolworths.com.au/images/1005/750104.jpg?impolicy=wowsmkqiema&w=260&h=260,$10.50,$7.00 / 1L,,, Add to cart , Save to list 
Meiji Yan Yan Snacks Chocolate 50g,https://www.woolworths.com.au/shop/productdetails/109275/meiji-yan-yan-snacks-chocolate,https://assets.woolworths.com.au/images/1005/109275.jpg?impolicy=wowsmkqiema&w=260&h=260,$2.10,$4.20 / 100G,,, Add to cart , Save to list 
Nerada Organic Lemon & Ginger Tea Bags 40 Pack,https://www.woolworths.com.au/shop/productdetails/326720/nerada-organic-lemon-ginger-tea-bags,https://assets.woolworths.com.au/images/1005/326720.jpg?impolicy=wowsmkqiema&w=260&h=260,$5.80,$0.15 / 1EA,,, Add to cart , Save to list 
Quarter Past Caramel Coffee Syrup 250ml,https://www.woolworths.com.au/shop/productdetails/789291/quarter-past-caramel-coffee-syrup-caramel,https://assets.woolworths.com.au/images/1005/789291.jpg?impolicy=wowsmkqiema&w=260&h=260,$5.00,$2.00 / 100ML,,, Add to cart , Save to list 
Vittoria Espresso Nespresso Compatible Coffee Capsules Pack 20,https://www.woolworths.com.au/shop/productdetails/93852/vittoria-espresso-nespresso-compatible-coffee-capsules,https://assets.woolworths.com.au/images/1005/93852.jpg?impolicy=wowsmkqiema&w=260&h=260,$13.00,$0.65 / 1EA,,, Add to cart , Save to list 
Woolworths Puree In Pouch Apple & Mango 90g,https://www.woolworths.com.au/shop/productdetails/669981/woolworths-puree-in-pouch-apple-mango,https://assets.woolworths.com.au/images/1005/669981.jpg?impolicy=wowsmkqiema&w=260&h=260,$0.95,$10.56 / 1KG,3.5,615, Add to cart , Save to list 
Continental French Onion Salt Reduced Simmer Soup 35g,https://www.woolworths.com.au/shop/productdetails/41841/continental-french-onion-salt-reduced-simmer-soup,https://assets.woolworths.com.au/images/1005/41841.jpg?impolicy=wowsmkqiema&w=260&h=260,$1.20,$3.43 / 100G,,, Add to cart , Save to list 
Madura Premium Blend Tea Bags 100 Pack 200g,https://www.woolworths.com.au/shop/productdetails/55696/madura-premium-blend-tea-bags,https://assets.woolworths.com.au/images/1005/55696.jpg?impolicy=wowsmkqiema&w=260&h=260,$10.00,$0.10 / 1EA,,, Add to cart , Save to list 
Mazzetti Balsamic Vinegar Of Modena 250ml,https://www.woolworths.com.au/shop/productdetails/99917/mazzetti-balsamic-vinegar-of-modena,https://assets.woolworths.com.au/images/1005/99917.jpg?impolicy=wowsmkqiema&w=260&h=260,$3.50,$1.40 / 100ML,,, Add to cart , Save to list 
Ottogi Jin Ramen Mild Instant Noodles 120g,https://www.woolworths.com.au/shop/productdetails/862808/ottogi-jin-ramen-mild-instant-noodles,https://assets.woolworths.com.au/images/1005/862808.jpg?impolicy=wowsmkqiema&w=260&h=260,$1.80,$1.50 / 100G,,, Add to cart , Save to list 
Sunrice Gourmet Rice Forbidden Black 500g,https://www.woolworths.com.au/shop/productdetails/729032/sunrice-gourmet-rice-forbidden-black,https://assets.woolworths.com.au/images/1005/729032.jpg?impolicy=wowsmkqiema&w=260&h=260,$6.00,$1.20 / 100G,,, Add to cart , Save to list 
Huy Fong The Original Sriracha Hot Chilli Sauce Mayonnaise 300ml,https://www.woolworths.com.au/shop/productdetails/170379/huy-fong-the-original-sriracha-hot-chilli-sauce-mayonnaise,https://assets.woolworths.com.au/images/1005/170379.jpg?impolicy=wowsmkqiema&w=260&h=260,$4.50,$1.50 / 100ML,,, Add to cart , Save to list 
Old El Paso Fajita Spice Mix 40g,https://www.woolworths.com.au/shop/productdetails/248679/old-el-paso-fajita-spice-mix,https://assets.woolworths.com.au/images/1005/248679.jpg?impolicy=wowsmkqiema&w=260&h=260,$2.45,$6.13 / 100G,,, Add to cart , Save to list 
Bega Peanut Butter Smooth 375g,https://www.woolworths.com.au/shop/productdetails/33605/bega-peanut-butter-smooth,https://assets.woolworths.com.au/images/1005/33605.jpg?impolicy=wowsmkqiema&w=260&h=260,$4.30,$1.15 / 100G,,, Add to cart , Save to list 
Mckenzie's Dried Veg Yellow Split Peas 500g,https://www.woolworths.com.au/shop/productdetails/27296/mckenzie-s-dried-veg-yellow-split-peas,https://assets.woolworths.com.au/images/1005/27296.jpg?impolicy=wowsmkqiema&w=260&h=260,$1.90,$0.38 / 100G,,, Add to cart , Save to list 
Vittoria Mountain Grown Ground Coffee 1kg,https://www.woolworths.com.au/shop/productdetails/186602/vittoria-mountain-grown-ground-coffee,https://assets.woolworths.com.au/images/1005/186602.jpg?impolicy=wowsmkqiema&w=260&h=260,$26.00,$2.60 / 100G,,, Add to cart , Save to list 
Woolworths Tomato Paste Pizza Squeeze Bottle 415g,https://www.woolworths.com.au/shop/productdetails/258479/woolworths-tomato-paste-pizza-squeeze-bottle,https://assets.woolworths.com.au/images/1005/258479.jpg?impolicy=wowsmkqiema&w=260&h=260,$2.10,$0.51 / 100G,4.4,674, Add to cart , Save to list 
"Leggo's Pasta Sauce Carbonara Fresh Cream, Onion & Cheese 490g",https://www.woolworths.com.au/shop/productdetails/450832/leggo-s-pasta-sauce-carbonara-fresh-cream-onion-cheese,https://assets.woolworths.com.au/images/1005/450832.jpg?impolicy=wowsmkqiema&w=260&h=260,$4.30,$0.88 / 100G,,, Add to cart , Save to list 
Saxa Fine White Pepper 50g,https://www.woolworths.com.au/shop/productdetails/37370/saxa-fine-white-pepper-picnic-pack,https://assets.woolworths.com.au/images/1005/37370.jpg?impolicy=wowsmkqiema&w=260&h=260,$4.20,$0.84 / 10G,,, Add to cart , Save to list 
Three Threes Sweet Mustard Pickles 520g,https://www.woolworths.com.au/shop/productdetails/34498/three-threes-sweet-mustard-pickles,https://assets.woolworths.com.au/images/1005/34498.jpg?impolicy=wowsmkqiema&w=260&h=260,$3.50,$6.73 / 1KG,,, Add to cart , Save to list 
Masterfoods Garlic Salt 70g,https://www.woolworths.com.au/shop/productdetails/32760/masterfoods-garlic-salt,https://assets.woolworths.com.au/images/1005/32760.jpg?impolicy=wowsmkqiema&w=260&h=260,$2.50,$0.36 / 10G,,, Add to cart , Save to list 
Starbucks By Nespresso Blonde Espresso Roast Pods 18 Pack,https://www.woolworths.com.au/shop/productdetails/223044/starbucks-by-nespresso-blonde-espresso-roast-pods,https://assets.woolworths.com.au/images/1005/223044.jpg?impolicy=wowsmkqiema&w=260&h=260,$13.00,$0.72 / 1EA,,, Add to cart , Save to list 
Moccona Freeze Dried Instant Coffee Classic Medium Roast 400g,https://www.woolworths.com.au/shop/productdetails/208575/moccona-freeze-dried-instant-coffee-classic-medium-roast,https://assets.woolworths.com.au/images/1005/208575.jpg?impolicy=wowsmkqiema&w=260&h=260,$28.00,$7.00 / 100G,4.0,1, Add to cart , Save to list 
Sunsol Pro-biotic Almond Cashew & Chia Toasted Muesli 400g,https://www.woolworths.com.au/shop/productdetails/84958/sunsol-pro-biotic-almond-cashew-chia-toasted-muesli,https://assets.woolworths.com.au/images/1005/84958.jpg?impolicy=wowsmkqiema&w=260&h=260,$7.00,$1.75 / 100G,,, Add to cart , Save to list 
Hart & Soul Spiced Lentil Soup Pouch 400g,https://www.woolworths.com.au/shop/productdetails/845179/hart-soul-spiced-lentil-soup-pouch,https://assets.woolworths.com.au/images/1005/845179.jpg?impolicy=wowsmkqiema&w=260&h=260,$4.50,$1.13 / 100G,,, Add to cart , Save to list 
Rose's Raspberry Jam Conserve 500g,https://www.woolworths.com.au/shop/productdetails/728960/rose-s-raspberry-jam-conserve-conserve,https://assets.woolworths.com.au/images/1005/728960.jpg?impolicy=wowsmkqiema&w=260&h=260,$4.50,$0.90 / 100G,,, Add to cart , Save to list 
Spc Diced Pears In Juice Fruit Cups 4 X 120g,https://www.woolworths.com.au/shop/productdetails/591734/spc-diced-pears-in-juice-fruit-cups,https://assets.woolworths.com.au/images/1005/591734.jpg?impolicy=wowsmkqiema&w=260&h=260,$4.50,$9.38 / 1KG,,, Add to cart , Save to list 
Hoyts Garlic Powder 25g,https://www.woolworths.com.au/shop/productdetails/94637/hoyts-garlic-powder,https://assets.woolworths.com.au/images/1005/94637.jpg?impolicy=wowsmkqiema&w=260&h=260,$1.60,$0.64 / 10G,,, Add to cart , Save to list 
Heinz Big N Chunky Mexican Chilli Beef Soup Ready Meals 520g,https://www.woolworths.com.au/shop/productdetails/750407/heinz-big-n-chunky-mexican-chilli-beef-soup-ready-meals,https://assets.woolworths.com.au/images/1005/750407.jpg?impolicy=wowsmkqiema&w=260&h=260,$3.50,$0.67 / 100G,,, Add to cart , Save to list 
Pureharvest Almond Quench 1l,https://www.woolworths.com.au/shop/productdetails/808867/pureharvest-almond-quench,https://assets.woolworths.com.au/images/1005/808867.jpg?impolicy=wowsmkqiema&w=260&h=260,$2.00,$2.00 / 1L,,, Add to cart , Save to list 
Uncle Tobys Oats Quick Sachets Apple & Cinnamon Porridge 350g,https://www.woolworths.com.au/shop/productdetails/149866/uncle-tobys-oats-quick-sachets-apple-cinnamon-porridge,https://assets.woolworths.com.au/images/1005/149866.jpg?impolicy=wowsmkqiema&w=260&h=260,$5.00,$1.43 / 100G,,, Add to cart , Save to list 
White Wings Self Raising Flour 2kg,https://www.woolworths.com.au/shop/productdetails/33079/white-wings-self-raising-flour,https://assets.woolworths.com.au/images/1005/33079.jpg?impolicy=wowsmkqiema&w=260&h=260,$4.50,$2.25 / 1KG,,, Add to cart , Save to list 
Cobram Estate Extra Light & Delicate Olive Oil Spray 225g,https://www.woolworths.com.au/shop/productdetails/321598/cobram-estate-extra-light-delicate-olive-oil-spray,https://assets.woolworths.com.au/images/1005/321598.jpg?impolicy=wowsmkqiema&w=260&h=260,$5.50,$2.44 / 100G,,, Add to cart , Save to list 
Continental Recipe Base Shepherds Pie Shepherds Pie 50g,https://www.woolworths.com.au/shop/productdetails/257531/continental-recipe-base-shepherds-pie-shepherds-pie,https://assets.woolworths.com.au/images/1005/257531.jpg?impolicy=wowsmkqiema&w=260&h=260,$1.80,$3.60 / 100G,,, Add to cart , Save to list 
Fantastic Beef Noodle Bowl 85g,https://www.woolworths.com.au/shop/productdetails/49286/fantastic-beef-noodle-bowl,https://assets.woolworths.com.au/images/1005/49286.jpg?impolicy=wowsmkqiema&w=260&h=260,$1.95,$2.29 / 100G,,, Add to cart , Save to list 
Barkers Luscious Strawberry Sauce 335g,https://www.woolworths.com.au/shop/productdetails/116460/barker-s-luscious-strawberry-sauce,https://assets.woolworths.com.au/images/1005/116460.jpg?impolicy=wowsmkqiema&w=260&h=260,$3.80,$1.13 / 100G,,, Add to cart , Save to list 
Erawan Rice Stick Medium 375g,https://www.woolworths.com.au/shop/productdetails/40313/erawan-rice-stick-medium,https://assets.woolworths.com.au/images/1005/40313.jpg?impolicy=wowsmkqiema&w=260&h=260,$3.00,$0.80 / 100G,,, Add to cart , Save to list 
Kellogg's Sultana Bran High Fibre Breakfast Cereal Value Pack 1.25kg,https://www.woolworths.com.au/shop/productdetails/86462/kelloggs-sultana-bran-high-fibre-breakfast-cereal-value-pack,https://assets.woolworths.com.au/images/1005/86462.jpg?impolicy=wowsmkqiema&w=260&h=260,$10.50,$0.84 / 100G,,, Add to cart , Save to list 
Woolworths Canola Oil 750ml,https://www.woolworths.com.au/shop/productdetails/750736/woolworths-canola-oil,https://assets.woolworths.com.au/images/1005/750736.jpg?impolicy=wowsmkqiema&w=260&h=260,$3.95,$0.53 / 100ML,4.6,1033, Add to cart , Save to list 
Continental Classics Cup A Soup Creamy Chicken Noodles Single Serve 43g,https://www.woolworths.com.au/shop/productdetails/19149/continental-classics-cup-a-soup-creamy-chicken-noodles-single-serve,https://assets.woolworths.com.au/images/1005/19149.jpg?impolicy=wowsmkqiema&w=260&h=260,$2.50,$5.81 / 100G,,, Add to cart , Save to list 
Dj&a Shiitake Mushroom Crisps 30g,https://www.woolworths.com.au/shop/productdetails/112729/dj-a-shiitake-mushroom-crisps,https://assets.woolworths.com.au/images/1005/112729.jpg?impolicy=wowsmkqiema&w=260&h=260,$2.50,$8.33 / 100G,,, Add to cart , Save to list 
Sanitarium So Good Long Life Regular Soy Milk 250ml X3 Pack,https://www.woolworths.com.au/shop/productdetails/263672/sanitarium-so-good-long-life-regular-soy-milk,https://assets.woolworths.com.au/images/1005/263672.jpg?impolicy=wowsmkqiema&w=260&h=260,$3.60,$4.80 / 1L,,, Add to cart , Save to list 
Sunshine Sugar Low Gi Sugar 1kg,https://www.woolworths.com.au/shop/productdetails/193794/sunshine-sugar-low-gi-sugar,https://assets.woolworths.com.au/images/1005/193794.jpg?impolicy=wowsmkqiema&w=260&h=260,$2.20,$0.22 / 100G,,, Add to cart , Save to list 
Juicy Isle Caramel Topping 375ml,https://www.woolworths.com.au/shop/productdetails/830066/juicy-isle-caramel-topping,https://assets.woolworths.com.au/images/1005/830066.jpg?impolicy=wowsmkqiema&w=260&h=260,$2.50,$0.67 / 100ML,,, Add to cart , Save to list 
Lee Kum Kee Sauce Chicken And Honey Soy 120g,https://www.woolworths.com.au/shop/productdetails/702293/lee-kum-kee-sauce-chicken-and-honey-soy,https://assets.woolworths.com.au/images/1005/702293.jpg?impolicy=wowsmkqiema&w=260&h=260,$1.60,$1.33 / 100G,,, Add to cart , Save to list 
Sanitarium Up&go Liquid Breakfast Honeycomb 3 Pack,https://www.woolworths.com.au/shop/productdetails/420010/sanitarium-up-go-liquid-breakfast-honeycomb,https://assets.woolworths.com.au/images/1005/420010.jpg?impolicy=wowsmkqiema&w=260&h=260,$5.60,$7.47 / 1L,,, Add to cart , Save to list 
Praise Dressings Coleslaw 330ml,https://www.woolworths.com.au/shop/productdetails/274307/praise-dressings-coleslaw,https://assets.woolworths.com.au/images/1005/274307.jpg?impolicy=wowsmkqiema&w=260&h=260,$3.60,$1.09 / 100ML,,, Add to cart , Save to list 
Belvita Milk & Cereal Breakfast Biscuits 300g,https://www.woolworths.com.au/shop/productdetails/715921/belvita-milk-cereal-breakfast-biscuits,https://assets.woolworths.com.au/images/1005/715921.jpg?impolicy=wowsmkqiema&w=260&h=260,$4.50,$1.50 / 100G,,, Add to cart , Save to list 
Edgell Corn Kernels 300g,https://www.woolworths.com.au/shop/productdetails/966533/edgell-corn-kernels,https://assets.woolworths.com.au/images/1005/966533.jpg?impolicy=wowsmkqiema&w=260&h=260,$1.70,$5.67 / 1KG,,, Add to cart , Save to list 
Mckenzie's Dried Green Split Peas 500g,https://www.woolworths.com.au/shop/productdetails/73928/mckenzie-s-dried-green-split-peas,https://assets.woolworths.com.au/images/1005/73928.jpg?impolicy=wowsmkqiema&w=260&h=260,$1.90,$0.38 / 100G,,, Add to cart , Save to list 
﻿Woolworths Garlic Aioli 250ml,https://www.woolworths.com.au/shop/productdetails/567738/woolworths-garlic-aioli,https://assets.woolworths.com.au/images/1005/567738.jpg?impolicy=wowsmkqiema&w=260&h=260,$2.50,$1.00 / 100ML,4.3,349, Add to cart , Save to list 
Old El Paso Taco Spice Mix Lime & Jalapeno Mild 30g,https://www.woolworths.com.au/shop/productdetails/231887/old-el-paso-taco-spice-mix-lime-jalapeno-mild,https://assets.woolworths.com.au/images/1005/231887.jpg?impolicy=wowsmkqiema&w=260&h=260,$2.45,$8.17 / 100G,,, Add to cart , Save to list 
Praise Burger Sauce Aioli 250ml,https://www.woolworths.com.au/shop/productdetails/694025/praise-burger-sauce-aioli,https://assets.woolworths.com.au/images/1005/694025.jpg?impolicy=wowsmkqiema&w=260&h=260,$4.50,$1.80 / 100ML,,, Add to cart , Save to list 
Sanitarium Up&go Liquid Breakfast No Added Sugar Choc Ice 3x250ml,https://www.woolworths.com.au/shop/productdetails/78826/sanitarium-up-go-liquid-breakfast-no-added-sugar-choc-ice,https://assets.woolworths.com.au/images/1005/78826.jpg?impolicy=wowsmkqiema&w=260&h=260,$5.60,$7.47 / 1L,,, Add to cart , Save to list 
Masterfoods Wholegrain Mustard 175g,https://www.woolworths.com.au/shop/productdetails/32822/masterfoods-wholegrain-mustard,https://assets.woolworths.com.au/images/1005/32822.jpg?impolicy=wowsmkqiema&w=260&h=260,$4.00,$2.29 / 100G,,, Add to cart , Save to list 
Lakanto Monkfruit Golden Sweetener Replaces Raw Sugar 200g,https://www.woolworths.com.au/shop/productdetails/54738/lakanto-monkfruit-golden-sweetener-replaces-raw-sugar,https://assets.woolworths.com.au/images/1005/54738.jpg?impolicy=wowsmkqiema&w=260&h=260,$8.90,$4.45 / 100G,,, Add to cart , Save to list 
Peck's Devilled Ham Spread 125g,https://www.woolworths.com.au/shop/productdetails/38898/peck-s-devilled-ham-spread,https://assets.woolworths.com.au/images/1005/38898.jpg?impolicy=wowsmkqiema&w=260&h=260,$3.80,$3.04 / 100G,,, Add to cart , Save to list 
Leggos Passata Sauce Italian Herbs 700g,https://www.woolworths.com.au/shop/productdetails/250962/leggos-passata-sauce-italian-herbs,https://assets.woolworths.com.au/images/1005/250962.jpg?impolicy=wowsmkqiema&w=260&h=260,$4.00,$0.57 / 100G,,, Add to cart , Save to list 
Obento Japanese Tempura Batter 500g,https://www.woolworths.com.au/shop/productdetails/702285/obento-japanese-tempura-batter,https://assets.woolworths.com.au/images/1005/702285.jpg?impolicy=wowsmkqiema&w=260&h=260,$3.95,$0.79 / 100G,,, Add to cart , Save to list 
Suimin Red Curry Noodles 124g,https://www.woolworths.com.au/shop/productdetails/131877/suimin-red-curry-noodles,https://assets.woolworths.com.au/images/1005/131877.jpg?impolicy=wowsmkqiema&w=260&h=260,$3.00,$2.50 / 100G,,, Add to cart , Save to list 
Csr Demerara Sugar 375g,https://www.woolworths.com.au/shop/productdetails/86973/csr-demerara-sugar,https://assets.woolworths.com.au/images/1005/86973.jpg?impolicy=wowsmkqiema&w=260&h=260,$3.00,$0.80 / 100G,,, Add to cart , Save to list 
Lucky Natural Golden Walnuts 110g,https://www.woolworths.com.au/shop/productdetails/246854/lucky-natural-golden-walnuts,https://assets.woolworths.com.au/images/1005/246854.jpg?impolicy=wowsmkqiema&w=260&h=260,$3.50,$31.82 / 1KG,,, Add to cart , Save to list 
La Molisana Pastificio Extra Di Lusso Potato Gnocchi 500g,https://www.woolworths.com.au/shop/productdetails/74641/la-molisana-pastificio-extra-di-lusso-potato-gnocchi,https://assets.woolworths.com.au/images/1005/74641.jpg?impolicy=wowsmkqiema&w=260&h=260,$3.50,$0.70 / 100G,3.9,596, Add to cart , Save to list 
Cloverdale Pure Honey Twist & Squeeze 375g,https://www.woolworths.com.au/shop/productdetails/89159/cloverdale-pure-honey-twist-squeeze,https://assets.woolworths.com.au/images/1005/89159.jpg?impolicy=wowsmkqiema&w=260&h=260,$4.50,$1.20 / 100G,,, Add to cart , Save to list 
Heinz Baked Beans Canned Beans In Tomato Sauce Breakfast 130g,https://www.woolworths.com.au/shop/productdetails/34033/heinz-baked-beans-canned-beans-in-tomato-sauce-breakfast,https://assets.woolworths.com.au/images/1005/34033.jpg?impolicy=wowsmkqiema&w=260&h=260,$1.80,$1.38 / 100G,,, Add to cart , Save to list 
Starbucks By Nespresso Single Origin Colombia Capsules 18 Pack,https://www.woolworths.com.au/shop/productdetails/222780/starbucks-by-nespresso-single-origin-colombia-capsules,https://assets.woolworths.com.au/images/1005/222780.jpg?impolicy=wowsmkqiema&w=260&h=260,,,,,, Save to list 
Heinz Seriously Good Mayonnaise Original Mayo 295ml,https://www.woolworths.com.au/shop/productdetails/332185/heinz-seriously-good-mayonnaise-original-mayo,https://assets.woolworths.com.au/images/1005/332185.jpg?impolicy=wowsmkqiema&w=260&h=260,$5.50,$1.86 / 100ML,,, Add to cart , Save to list 
Macro Organic Quinoa 500g,https://www.woolworths.com.au/shop/productdetails/335073/macro-organic-quinoa,https://assets.woolworths.com.au/images/1005/335073.jpg?impolicy=wowsmkqiema&w=260&h=260,$7.00,$1.40 / 100G,4.3,906, Add to cart , Save to list 
Woolworths Apple & Peach Puree In Pouch 90g,https://www.woolworths.com.au/shop/productdetails/669980/woolworths-apple-peach-puree-in-pouch,https://assets.woolworths.com.au/images/1005/669980.jpg?impolicy=wowsmkqiema&w=260&h=260,$0.95,$10.56 / 1KG,3.6,981, Add to cart , Save to list 
Continental Classics Pasta & Sauce Chicken Curry Serves 2 90g,https://www.woolworths.com.au/shop/productdetails/230942/continental-classics-pasta-sauce-chicken-curry-serves-2,https://assets.woolworths.com.au/images/1005/230942.jpg?impolicy=wowsmkqiema&w=260&h=260,$2.80,$3.11 / 100G,,, Add to cart , Save to list 
F. Whitlock & Sons Killer Baked Beans Fuego Chilli 420g,https://www.woolworths.com.au/shop/productdetails/157600/f-whitlock-sons-killer-baked-beans-fuego-chilli,https://assets.woolworths.com.au/images/1005/157600.jpg?impolicy=wowsmkqiema&w=260&h=260,$3.80,$0.90 / 100G,,, Add to cart , Save to list 
Mckenzie's Himalayan Pink Rock Salt 410g,https://www.woolworths.com.au/shop/productdetails/111359/mckenzie-s-himalayan-pink-rock-salt,https://assets.woolworths.com.au/images/1005/111359.jpg?impolicy=wowsmkqiema&w=260&h=260,$8.50,$2.07 / 100G,,, Add to cart , Save to list 
Tcc Coconut Cream 400ml,https://www.woolworths.com.au/shop/productdetails/862909/tcc-coconut-cream,https://assets.woolworths.com.au/images/1005/862909.jpg?impolicy=wowsmkqiema&w=260&h=260,$2.90,$0.73 / 100G,,, Add to cart , Save to list 
Woolworths Peach Slices In Juice 825g,https://www.woolworths.com.au/shop/productdetails/205514/woolworths-peach-slices-in-juice,https://assets.woolworths.com.au/images/1005/205514.jpg?impolicy=wowsmkqiema&w=260&h=260,,,,,, Save to list 
Twinings Earl Grey Tea Bags 50 Pack,https://www.woolworths.com.au/shop/productdetails/42980/twinings-earl-grey-tea-bags-tea-bags,https://assets.woolworths.com.au/images/1005/42980.jpg?impolicy=wowsmkqiema&w=260&h=260,$7.50,$0.15 / 1EA,,, Add to cart , Save to list 
Woolworths Free From Gluten Plain Flour 750g,https://www.woolworths.com.au/shop/productdetails/770057/woolworths-free-from-gluten-plain-flour,https://assets.woolworths.com.au/images/1005/770057.jpg?impolicy=wowsmkqiema&w=260&h=260,$3.60,$4.80 / 1KG,4.5,426, Add to cart , Save to list 
San Remo La Pasta Creamy Bacon 160g,https://www.woolworths.com.au/shop/productdetails/700712/san-remo-la-pasta-creamy-bacon,https://assets.woolworths.com.au/images/1005/700712.jpg?impolicy=wowsmkqiema&w=260&h=260,$2.50,$1.56 / 100G,,, Add to cart , Save to list 
Woolworths Balsamic Vinegar 250ml,https://www.woolworths.com.au/shop/productdetails/257302/woolworths-balsamic-vinegar,https://assets.woolworths.com.au/images/1005/257302.jpg?impolicy=wowsmkqiema&w=260&h=260,$2.40,$0.96 / 100ML,,, Add to cart , Save to list 
Woolworths Chocolate Hard Set Topping 220g,https://www.woolworths.com.au/shop/productdetails/254784/woolworths-chocolate-hard-set-topping,https://assets.woolworths.com.au/images/1005/254784.jpg?impolicy=wowsmkqiema&w=260&h=260,$3.55,$1.61 / 100G,4.3,905, Add to cart , Save to list 
Squeaky Gate Classic Balsamic Vinegar 500ml,https://www.woolworths.com.au/shop/productdetails/165155/squeaky-gate-classic-balsamic-vinegar,https://assets.woolworths.com.au/images/1005/165155.jpg?impolicy=wowsmkqiema&w=260&h=260,$6.00,$1.20 / 100ML,,, Add to cart , Save to list 
Starbucks Espresso Roast Capsules 36 Pack,https://www.woolworths.com.au/shop/productdetails/221793/starbucks-espresso-roast-capsules,https://assets.woolworths.com.au/images/1005/221793.jpg?impolicy=wowsmkqiema&w=260&h=260,$22.00,$0.61 / 1EA,,, Add to cart , Save to list 
San Remo Pasta Pulse Penne 250g,https://www.woolworths.com.au/shop/productdetails/619426/san-remo-pasta-pulse-penne,https://assets.woolworths.com.au/images/1005/619426.jpg?impolicy=wowsmkqiema&w=260&h=260,$3.50,$1.40 / 100G,,, Add to cart , Save to list 
Angas Park Prunes Pitted Resealable 500g,https://www.woolworths.com.au/shop/productdetails/97011/angas-park-prunes-pitted-resealable,https://assets.woolworths.com.au/images/1005/97011.jpg?impolicy=wowsmkqiema&w=260&h=260,$8.50,$17.00 / 1KG,,, Add to cart , Save to list 
Macro Organic Wholemeal Penne 500g,https://www.woolworths.com.au/shop/productdetails/68345/macro-organic-wholemeal-penne,https://assets.woolworths.com.au/images/1005/68345.jpg?impolicy=wowsmkqiema&w=260&h=260,$2.00,$0.40 / 100G,4.4,296, Add to cart , Save to list 
White Wings Self Raising Flour 1kg,https://www.woolworths.com.au/shop/productdetails/33078/white-wings-self-raising-flour,https://assets.woolworths.com.au/images/1005/33078.jpg?impolicy=wowsmkqiema&w=260&h=260,$3.00,$3.00 / 1KG,,, Add to cart , Save to list 
Minor Figures Minor Figures Barista Oat Uht Milk 1l,https://www.woolworths.com.au/shop/productdetails/153170/minor-figures-barista-oat-uht-milk,https://assets.woolworths.com.au/images/1005/153170.jpg?impolicy=wowsmkqiema&w=260&h=260,$4.80,$4.80 / 1L,,, Add to cart , Save to list 
Sanitarium Up&go Dairy Free Liquid Breakfast Choc Ice 3 Pack,https://www.woolworths.com.au/shop/productdetails/119883/sanitarium-up-go-dairy-free-liquid-breakfast-choc-ice,https://assets.woolworths.com.au/images/1005/119883.jpg?impolicy=wowsmkqiema&w=260&h=260,$5.60,$7.47 / 1L,,, Add to cart , Save to list 
T2 Detox Tea Bags 10 Pack,https://www.woolworths.com.au/shop/productdetails/134181/t2-detox-tea-bags,https://assets.woolworths.com.au/images/1005/134181.jpg?impolicy=wowsmkqiema&w=260&h=260,$7.00,$0.70 / 1EA,,, Add to cart , Save to list 
White Wings Cinnamon Scrolls With Glaze 508g,https://www.woolworths.com.au/shop/productdetails/140879/white-wings-cinnamon-scrolls-with-glaze,https://assets.woolworths.com.au/images/1005/140879.jpg?impolicy=wowsmkqiema&w=260&h=260,$6.00,$1.18 / 100G,,, Add to cart , Save to list 
San Remo Fettuccine Curly Pasta No 80 500g,https://www.woolworths.com.au/shop/productdetails/195750/san-remo-fettuccine-curly-pasta-no-80,https://assets.woolworths.com.au/images/1005/195750.jpg?impolicy=wowsmkqiema&w=260&h=260,$2.95,$0.59 / 100G,,, Add to cart , Save to list 
Woolworths Apple Puree 4 Pack,https://www.woolworths.com.au/shop/productdetails/852487/woolworths-apple-puree,https://assets.woolworths.com.au/images/1005/852487.jpg?impolicy=wowsmkqiema&w=260&h=260,$2.20,$4.40 / 1KG,3.8,910, Add to cart , Save to list 
Woolworths Free From Gluten Self Raising Flour 750g,https://www.woolworths.com.au/shop/productdetails/770058/woolworths-free-from-gluten-self-raising-flour,https://assets.woolworths.com.au/images/1005/770058.jpg?impolicy=wowsmkqiema&w=260&h=260,$3.60,$4.80 / 1KG,4.5,564, Add to cart , Save to list 
Continental Classics Pasta & Sauce Chicken Curry Family Pack 150g,https://www.woolworths.com.au/shop/productdetails/761555/continental-classics-pasta-sauce-chicken-curry-family-pack,https://assets.woolworths.com.au/images/1005/761555.jpg?impolicy=wowsmkqiema&w=260&h=260,$3.50,$2.33 / 100G,,, Add to cart , Save to list 
Lakanto Monkfruit Baking Blend Replaces Caster Sugar 200g,https://www.woolworths.com.au/shop/productdetails/105602/lakanto-monkfruit-baking-blend-replaces-caster-sugar,https://assets.woolworths.com.au/images/1005/105602.jpg?impolicy=wowsmkqiema&w=260&h=260,$9.95,$4.98 / 100G,,, Add to cart , Save to list 
Twinings Asha Vanilla Retreat Cinnamon & Camomile Tea Bags 18 Pack,https://www.woolworths.com.au/shop/productdetails/97501/twinings-asha-vanilla-retreat-cinnamon-camomile-tea-bags,https://assets.woolworths.com.au/images/1005/97501.jpg?impolicy=wowsmkqiema&w=260&h=260,$6.50,$0.36 / 1EA,,, Add to cart , Save to list 
Yeo's Drink Chrysanthemum 6 Pack,https://www.woolworths.com.au/shop/productdetails/87404/yeo-s-drink-chrysanthemum,https://assets.woolworths.com.au/images/1005/87404.jpg?impolicy=wowsmkqiema&w=260&h=260,$4.00,$2.67 / 1L,,, Add to cart , Save to list 
Bushells Black Tea Extra Strong 100 Pack,https://www.woolworths.com.au/shop/productdetails/148131/bushells-black-tea-extra-strong,https://assets.woolworths.com.au/images/1005/148131.jpg?impolicy=wowsmkqiema&w=260&h=260,$4.85,$0.05 / 1EA,,, Add to cart , Save to list 
Sandhurst Olives Kalamata Pitted 500g,https://www.woolworths.com.au/shop/productdetails/180260/sandhurst-olives-kalamata-pitted,https://assets.woolworths.com.au/images/1005/180260.jpg?impolicy=wowsmkqiema&w=260&h=260,$5.20,$10.40 / 1KG,,, Add to cart , Save to list 
Verity Prunes Large 750g,https://www.woolworths.com.au/shop/productdetails/91837/verity-prunes-large,https://assets.woolworths.com.au/images/1005/91837.jpg?impolicy=wowsmkqiema&w=260&h=260,$6.70,$8.93 / 1KG,5.0,1, Add to cart , Save to list 
Vittoria Decaffeinated Nespresso Compatible Coffee Capsules Pack 10,https://www.woolworths.com.au/shop/productdetails/92808/vittoria-decaffeinated-nespresso-compatible-coffee-capsules,https://assets.woolworths.com.au/images/1005/92808.jpg?impolicy=wowsmkqiema&w=260&h=260,$5.50,$0.55 / 1EA,,, Add to cart , Save to list 
Pureharvest Organic Almond Milk 1l,https://www.woolworths.com.au/shop/productdetails/260099/pureharvest-organic-almond-milk,https://assets.woolworths.com.au/images/1005/260099.jpg?impolicy=wowsmkqiema&w=260&h=260,$3.40,$3.40 / 1L,,, Add to cart , Save to list 
Queen Finest Madagascar Vanilla Bean Paste 50g,https://www.woolworths.com.au/shop/productdetails/490097/queen-finest-madagascar-vanilla-bean-paste,https://assets.woolworths.com.au/images/1005/490097.jpg?impolicy=wowsmkqiema&w=260&h=260,$10.00,$20.00 / 100G,,, Add to cart , Save to list 
Belvita Honey & Nut Breakfast Biscuits 300g,https://www.woolworths.com.au/shop/productdetails/738494/belvita-honey-nut-breakfast-biscuits,https://assets.woolworths.com.au/images/1005/738494.jpg?impolicy=wowsmkqiema&w=260&h=260,$4.50,$1.50 / 100G,,, Add to cart , Save to list 
Mckenzie's Red Lentils 1kg,https://www.woolworths.com.au/shop/productdetails/588066/mckenzie-s-red-lentils,https://assets.woolworths.com.au/images/1005/588066.jpg?impolicy=wowsmkqiema&w=260&h=260,$4.80,$0.48 / 100G,,, Add to cart , Save to list 
Pandaroo Thai Rice Noodles 200g,https://www.woolworths.com.au/shop/productdetails/125623/pandaroo-thai-rice-noodles,https://assets.woolworths.com.au/images/1005/125623.jpg?impolicy=wowsmkqiema&w=260&h=260,$2.10,$1.05 / 100G,,, Add to cart , Save to list 
San Remo Lasagne Pasta Large 250g,https://www.woolworths.com.au/shop/productdetails/74076/san-remo-lasagne-pasta-large,https://assets.woolworths.com.au/images/1005/74076.jpg?impolicy=wowsmkqiema&w=260&h=260,$3.00,$1.20 / 100G,,, Add to cart , Save to list 
Suthera Thai Coconut Roll Strawberry 70g,https://www.woolworths.com.au/shop/productdetails/123908/suthera-thai-coconut-roll-strawberry,https://assets.woolworths.com.au/images/1005/123908.jpg?impolicy=wowsmkqiema&w=260&h=260,$2.00,$2.86 / 100G,3.9,12, Add to cart , Save to list 
Vittoria Freeze Dried Instant Coffee Classic 100g,https://www.woolworths.com.au/shop/productdetails/159897/vittoria-freeze-dried-instant-coffee-classic,https://assets.woolworths.com.au/images/1005/159897.jpg?impolicy=wowsmkqiema&w=260&h=260,$12.50,$12.50 / 100G,,, Add to cart , Save to list 
Woolworths Australian Canola Oil 4l,https://www.woolworths.com.au/shop/productdetails/62062/woolworths-australian-canola-oil,https://assets.woolworths.com.au/images/1005/62062.jpg?impolicy=wowsmkqiema&w=260&h=260,$14.50,$0.36 / 100ML,,, Add to cart , Save to list 
Woolworths Two Fruits In Juice Cups 4 Pack,https://www.woolworths.com.au/shop/productdetails/744522/woolworths-two-fruits-in-juice-cups,https://assets.woolworths.com.au/images/1005/744522.jpg?impolicy=wowsmkqiema&w=260&h=260,$2.20,$4.40 / 1KG,3.8,271, Add to cart , Save to list 
Plenty Cold Pressed Truffle Oil 250ml,https://www.woolworths.com.au/shop/productdetails/138598/plenty-cold-pressed-truffle-oil,https://assets.woolworths.com.au/images/1005/138598.jpg?impolicy=wowsmkqiema&w=260&h=260,$8.00,$3.20 / 100ML,,, Add to cart , Save to list 
San Remo Lasagne Gluten Free 200g,https://www.woolworths.com.au/shop/productdetails/242926/san-remo-lasagne-gluten-free,https://assets.woolworths.com.au/images/1005/242926.jpg?impolicy=wowsmkqiema&w=260&h=260,$3.50,$1.75 / 100G,,, Add to cart , Save to list 
Morning Sun Apricot And Almond Breakfast Cereal 650g,https://www.woolworths.com.au/shop/productdetails/336408/morning-sun-apricot-and-almond-breakfast-cereal,https://assets.woolworths.com.au/images/1005/336408.jpg?impolicy=wowsmkqiema&w=260&h=260,$4.50,$0.69 / 100G,,, Add to cart , Save to list 
Praise Dressings Balsamic 330ml,https://www.woolworths.com.au/shop/productdetails/312737/praise-dressings-balsamic,https://assets.woolworths.com.au/images/1005/312737.jpg?impolicy=wowsmkqiema&w=260&h=260,$3.60,$1.09 / 100ML,,, Add to cart , Save to list 
Birch & Waite Creamy Caesar Dressing 250ml,https://www.woolworths.com.au/shop/productdetails/710194/birch-waite-creamy-caesar-dressing,https://assets.woolworths.com.au/images/1005/710194.jpg?impolicy=wowsmkqiema&w=260&h=260,$6.00,$2.40 / 100ML,,, Add to cart , Save to list 
Heinz Soup Of The Day Spanish Style Chicken Paella Soup Pouch 430g,https://www.woolworths.com.au/shop/productdetails/781575/heinz-soup-of-the-day-spanish-style-chicken-paella-soup-pouch,https://assets.woolworths.com.au/images/1005/781575.jpg?impolicy=wowsmkqiema&w=260&h=260,$4.50,$1.05 / 100G,,, Add to cart , Save to list 
Masterfoods Roast Chicken Seasoning 41g,https://www.woolworths.com.au/shop/productdetails/44751/masterfoods-roast-chicken-seasoning,https://assets.woolworths.com.au/images/1005/44751.jpg?impolicy=wowsmkqiema&w=260&h=260,$4.20,$1.02 / 10G,,, Add to cart , Save to list 
Kraft Mac & Cheese Macaroni Pasta Original Instant Noodles 205g,https://www.woolworths.com.au/shop/productdetails/693152/kraft-mac-cheese-macaroni-pasta-original-instant-noodles,https://assets.woolworths.com.au/images/1005/693152.jpg?impolicy=wowsmkqiema&w=260&h=260,$3.50,$1.71 / 100G,,, Add to cart , Save to list 
Vittoria Coffee Beans Special Italian Blend 1kg,https://www.woolworths.com.au/shop/productdetails/78476/vittoria-coffee-beans-special-italian-blend,https://assets.woolworths.com.au/images/1005/78476.jpg?impolicy=wowsmkqiema&w=260&h=260,$24.00,$2.40 / 100G,,, Add to cart , Save to list 
House Foods Shichimi Togarashi 18g,https://www.woolworths.com.au/shop/productdetails/803610/house-foods-shichimi-togarashi,https://assets.woolworths.com.au/images/1005/803610.jpg?impolicy=wowsmkqiema&w=260&h=260,,,,,, Save to list 
Macro Organic Light Coconut Milk 400ml,https://www.woolworths.com.au/shop/productdetails/684033/macro-organic-light-coconut-milk,https://assets.woolworths.com.au/images/1005/684033.jpg?impolicy=wowsmkqiema&w=260&h=260,$2.10,$0.53 / 100ML,4.4,1165, Add to cart , Save to list 
Woolworths Butter Chicken With Jasmine Rice 350g,https://www.woolworths.com.au/shop/productdetails/826071/woolworths-butter-chicken-with-jasmine-rice,https://assets.woolworths.com.au/images/1005/826071.jpg?impolicy=wowsmkqiema&w=260&h=260,,,3.3,1050,, Save to list 
Australia's Own A2 Protein Full Cream Uht Milk 1l,https://www.woolworths.com.au/shop/productdetails/109483/australia-s-own-a2-protein-full-cream-uht-milk,https://assets.woolworths.com.au/images/1005/109483.jpg?impolicy=wowsmkqiema&w=260&h=260,$2.50,$2.50 / 1L,,, Add to cart , Save to list 
Golden Circle Australian Canned Fruit Tinned Pineapple Pieces In Juice 440g,https://www.woolworths.com.au/shop/productdetails/34676/golden-circle-australian-canned-fruit-tinned-pineapple-pieces-in-juice,https://assets.woolworths.com.au/images/1005/34676.jpg?impolicy=wowsmkqiema&w=260&h=260,$4.40,$10.00 / 1KG,,, Add to cart , Save to list 
Macro White Quinoa 1kg,https://www.woolworths.com.au/shop/productdetails/499695/macro-white-quinoa,https://assets.woolworths.com.au/images/1005/499695.jpg?impolicy=wowsmkqiema&w=260&h=260,$10.00,$1.00 / 100G,4.4,325, Add to cart , Save to list 
Pearl River Bridge Soy Sauce Mushroom 500ml,https://www.woolworths.com.au/shop/productdetails/98446/pearl-river-bridge-soy-sauce-mushroom,https://assets.woolworths.com.au/images/1005/98446.jpg?impolicy=wowsmkqiema&w=260&h=260,$2.80,$0.56 / 100ML,,, Add to cart , Save to list 
San Remo Gluten Free Brown Rice Penne 250g,https://www.woolworths.com.au/shop/productdetails/647730/san-remo-gluten-free-brown-rice-penne,https://assets.woolworths.com.au/images/1005/647730.jpg?impolicy=wowsmkqiema&w=260&h=260,$3.50,$1.40 / 100G,,, Add to cart , Save to list 
Beerenberg Strawberry Jam 300g,https://www.woolworths.com.au/shop/productdetails/321571/beerenberg-strawberry-jam,https://assets.woolworths.com.au/images/1005/321571.jpg?impolicy=wowsmkqiema&w=260&h=260,$5.70,$1.90 / 100G,,, Add to cart , Save to list 
Kellogg's Froot Loops Breakfast Cereal 285g,https://www.woolworths.com.au/shop/productdetails/701718/kelloggs-froot-loops-breakfast-cereal,https://assets.woolworths.com.au/images/1005/701718.jpg?impolicy=wowsmkqiema&w=260&h=260,$5.00,$1.75 / 100G,,, Add to cart , Save to list 
Mama Jumbo Noodles Tom Yum 90g,https://www.woolworths.com.au/shop/productdetails/482810/mama-jumbo-noodles-tom-yum,https://assets.woolworths.com.au/images/1005/482810.jpg?impolicy=wowsmkqiema&w=260&h=260,$1.00,$1.11 / 100G,,, Add to cart , Save to list 
Barilla Pasta Farfalle 500g,https://www.woolworths.com.au/shop/productdetails/77498/barilla-pasta-farfalle-farfalle-pasta-no-65,https://assets.woolworths.com.au/images/1005/77498.jpg?impolicy=wowsmkqiema&w=260&h=260,$3.50,$0.70 / 100G,,, Add to cart , Save to list 
La Zuppa Soup Pouch Spring Veg & Brown Rice 540g,https://www.woolworths.com.au/shop/productdetails/846421/la-zuppa-soup-pouch-spring-veg-brown-rice,https://assets.woolworths.com.au/images/1005/846421.jpg?impolicy=wowsmkqiema&w=260&h=260,$5.50,$1.02 / 100G,,, Add to cart , Save to list 
Continental Classics Pasta & Sauce Sour Cream & Chives Serves 2 85g,https://www.woolworths.com.au/shop/productdetails/230924/continental-classics-pasta-sauce-sour-cream-chives-serves-2,https://assets.woolworths.com.au/images/1005/230924.jpg?impolicy=wowsmkqiema&w=260&h=260,$2.80,$3.29 / 100G,,, Add to cart , Save to list 
Mayver's Crunchy Peanut Butter 375g,https://www.woolworths.com.au/shop/productdetails/781034/mayver-s-crunchy-peanut-butter,https://assets.woolworths.com.au/images/1005/781034.jpg?impolicy=wowsmkqiema&w=260&h=260,$5.80,$1.55 / 100G,,, Add to cart , Save to list 
Spc Diced Apricots In Juice Fruit Cups 4 X 120g,https://www.woolworths.com.au/shop/productdetails/591707/spc-diced-apricots-in-juice-fruit-cups,https://assets.woolworths.com.au/images/1005/591707.jpg?impolicy=wowsmkqiema&w=260&h=260,$4.50,$9.38 / 1KG,,, Add to cart , Save to list 
Sanitarium Up&go Liquid Breakfast Caramel 12 Pack,https://www.woolworths.com.au/shop/productdetails/779889/sanitarium-up-go-liquid-breakfast-caramel,https://assets.woolworths.com.au/images/1005/779889.jpg?impolicy=wowsmkqiema&w=260&h=260,$15.80,$5.27 / 1L,,, Add to cart , Save to list 
Gourmet Garden Garlic Cold Blended Paste Tube 120g,https://www.woolworths.com.au/shop/productdetails/706450/gourmet-garden-garlic-cold-blended-paste-tube,https://assets.woolworths.com.au/images/1005/706450.jpg?impolicy=wowsmkqiema&w=260&h=260,$5.00,$0.42 / 10G,,, Add to cart , Save to list 
Leggos Providore Tomato & Onion 400g,https://www.woolworths.com.au/shop/productdetails/957588/leggos-providore-tomato-onion,https://assets.woolworths.com.au/images/1005/957588.jpg?impolicy=wowsmkqiema&w=260&h=260,$6.00,$1.50 / 100G,,, Add to cart , Save to list 
Heinz Soup Of The Day Spicy Pumpkin Soup Pouch 430g,https://www.woolworths.com.au/shop/productdetails/750524/heinz-soup-of-the-day-spicy-pumpkin-soup-pouch,https://assets.woolworths.com.au/images/1005/750524.jpg?impolicy=wowsmkqiema&w=260&h=260,$4.50,$1.05 / 100G,,, Add to cart , Save to list 
Mckenzie's Pepper White Ground 100g,https://www.woolworths.com.au/shop/productdetails/75202/mckenzie-s-pepper-white-ground,https://assets.woolworths.com.au/images/1005/75202.jpg?impolicy=wowsmkqiema&w=260&h=260,$4.20,$0.42 / 10G,,, Add to cart , Save to list 
Heinz Seriously Good Garlic Aioli Mayonnaise Mayo 295ml,https://www.woolworths.com.au/shop/productdetails/706158/heinz-seriously-good-garlic-aioli-mayonnaise-mayo,https://assets.woolworths.com.au/images/1005/706158.jpg?impolicy=wowsmkqiema&w=260&h=260,$5.50,$1.86 / 100ML,,, Add to cart , Save to list 
Praise Dressings Italian Original 330ml,https://www.woolworths.com.au/shop/productdetails/212343/praise-dressings-italian-original,https://assets.woolworths.com.au/images/1005/212343.jpg?impolicy=wowsmkqiema&w=260&h=260,$3.60,$1.09 / 100ML,,, Add to cart , Save to list 
Sharwood's Simmer Sauce Butter Chicken 420g,https://www.woolworths.com.au/shop/productdetails/222325/sharwood-s-simmer-sauce-butter-chicken,https://assets.woolworths.com.au/images/1005/222325.jpg?impolicy=wowsmkqiema&w=260&h=260,$5.00,$1.19 / 100G,,, Add to cart , Save to list 
Slush Puppie Bubblegum Flavoured Slushy 250ml,https://www.woolworths.com.au/shop/productdetails/241095/slush-puppie-bubblegum-flavoured-slushy,https://assets.woolworths.com.au/images/1005/241095.jpg?impolicy=wowsmkqiema&w=260&h=260,$3.00,$1.20 / 100ML,,, Add to cart , Save to list 
Ufc Canned Bean Sprouts 410g,https://www.woolworths.com.au/shop/productdetails/92130/ufc-canned-bean-sprouts,https://assets.woolworths.com.au/images/1005/92130.jpg?impolicy=wowsmkqiema&w=260&h=260,$2.70,$6.59 / 1KG,,, Add to cart , Save to list 
White Wings Cupcake Mix Red Velvet 365g,https://www.woolworths.com.au/shop/productdetails/708688/white-wings-cupcake-mix-red-velvet,https://assets.woolworths.com.au/images/1005/708688.jpg?impolicy=wowsmkqiema&w=260&h=260,$5.00,$1.37 / 100G,,, Add to cart , Save to list 
"Ben's Original Veg+ Mediterranean Style Veg, Tomato & Brown Rice 180g",https://www.woolworths.com.au/shop/productdetails/200827/ben-s-original-veg-mediterranean-style-veg-tomato-brown-rice,https://assets.woolworths.com.au/images/1005/200827.jpg?impolicy=wowsmkqiema&w=260&h=260,$3.50,$1.94 / 100G,,, Add to cart , Save to list 
Second House Lebanese Zaatar 500g,https://www.woolworths.com.au/shop/productdetails/815751/second-house-lebanese-zaatar,https://assets.woolworths.com.au/images/1005/815751.jpg?impolicy=wowsmkqiema&w=260&h=260,$9.50,$1.90 / 100G,,, Add to cart , Save to list 
Natural Whole Black Peppercorns Grinder 180g,https://www.woolworths.com.au/shop/productdetails/702238/natural-whole-black-peppercorns-grinder,https://assets.woolworths.com.au/images/1005/702238.jpg?impolicy=wowsmkqiema&w=260&h=260,$6.50,$0.36 / 10G,,, Add to cart , Save to list 
Essentials Olive Oil 1l,https://www.woolworths.com.au/shop/productdetails/698861/essentials-olive-oil,https://assets.woolworths.com.au/images/1005/698861.jpg?impolicy=wowsmkqiema&w=260&h=260,$8.80,$0.88 / 100ML,,, Add to cart , Save to list 
Pure Harvest Organic Oat Creamy 1l,https://www.woolworths.com.au/shop/productdetails/203577/pure-harvest-organic-oat-creamy,https://assets.woolworths.com.au/images/1005/203577.jpg?impolicy=wowsmkqiema&w=260&h=260,$3.00,$3.00 / 1L,,, Add to cart , Save to list 
Woolworths Vanilla Flavoured Waffle Cones 12 Pack,https://www.woolworths.com.au/shop/productdetails/361582/woolworths-vanilla-flavoured-waffle-cones,https://assets.woolworths.com.au/images/1005/361582.jpg?impolicy=wowsmkqiema&w=260&h=260,$3.50,$2.06 / 100G,4.7,619, Add to cart , Save to list 
Woolworths Chai Latte Sachets 10 Pack,https://www.woolworths.com.au/shop/productdetails/690852/woolworths-chai-latte-sachets,https://assets.woolworths.com.au/images/1005/690852.jpg?impolicy=wowsmkqiema&w=260&h=260,$3.25,$0.33 / 1EA,,, Add to cart , Save to list 
Golden Circle Blended Fruit Puree Tropical Smash Lunch Box Pouch 120g,https://www.woolworths.com.au/shop/productdetails/592203/golden-circle-blended-fruit-puree-tropical-smash-lunch-box-pouch,https://assets.woolworths.com.au/images/1005/592203.jpg?impolicy=wowsmkqiema&w=260&h=260,$1.80,$15.00 / 1KG,,, Add to cart , Save to list 
Heinz Beanz Baked Beans English Recipe 555g,https://www.woolworths.com.au/shop/productdetails/657423/heinz-beanz-baked-beans-english-recipe,https://assets.woolworths.com.au/images/1005/657423.jpg?impolicy=wowsmkqiema&w=260&h=260,$3.50,$0.63 / 100G,,, Add to cart , Save to list 
John West Anchovies 45g,https://www.woolworths.com.au/shop/productdetails/766211/john-west-anchovies,https://assets.woolworths.com.au/images/1005/766211.jpg?impolicy=wowsmkqiema&w=260&h=260,$3.20,$71.11 / 1KG,,, Add to cart , Save to list 
Slush Puppie Fairy Floss Flavoured Slushy 250ml,https://www.woolworths.com.au/shop/productdetails/240763/slush-puppie-fairy-floss-flavoured-slushy,https://assets.woolworths.com.au/images/1005/240763.jpg?impolicy=wowsmkqiema&w=260&h=260,$3.00,$1.20 / 100ML,,, Add to cart , Save to list 
Sanitarium Up&go Liquid Breakfast No Added Sugar Choc Ice 250ml X6 Pack,https://www.woolworths.com.au/shop/productdetails/78775/sanitarium-up-go-liquid-breakfast-no-added-sugar-choc-ice,https://assets.woolworths.com.au/images/1005/78775.jpg?impolicy=wowsmkqiema&w=260&h=260,$10.50,$7.00 / 1L,,, Add to cart , Save to list 
Valcom Paste Yellow Curry 230g,https://www.woolworths.com.au/shop/productdetails/307724/valcom-paste-yellow-curry,https://assets.woolworths.com.au/images/1005/307724.jpg?impolicy=wowsmkqiema&w=260&h=260,$3.40,$1.48 / 100G,,, Add to cart , Save to list 
Woolworths Vinegar Balsamic Glaze 215ml,https://www.woolworths.com.au/shop/productdetails/257305/woolworths-vinegar-balsamic-glaze,https://assets.woolworths.com.au/images/1005/257305.jpg?impolicy=wowsmkqiema&w=260&h=260,,,,,, Save to list 
Vetta Microwave Ready Pasta Fibre Penne 150g,https://www.woolworths.com.au/shop/productdetails/112882/vetta-microwave-ready-pasta-fibre-penne,https://assets.woolworths.com.au/images/1005/112882.jpg?impolicy=wowsmkqiema&w=260&h=260,$2.25,$1.50 / 100G,,, Add to cart , Save to list 
Woolworths Canola Oil 2l,https://www.woolworths.com.au/shop/productdetails/750739/woolworths-canola-oil,https://assets.woolworths.com.au/images/1005/750739.jpg?impolicy=wowsmkqiema&w=260&h=260,$7.40,$0.37 / 100ML,,, Add to cart , Save to list 
Woolworths Smoked Sprats In Oil With Chilli 120g,https://www.woolworths.com.au/shop/productdetails/129036/woolworths-smoked-sprats-in-oil-with-chilli,https://assets.woolworths.com.au/images/1005/129036.jpg?impolicy=wowsmkqiema&w=260&h=260,$3.00,$25.00 / 1KG,3.3,1021, Add to cart , Save to list 
Awona Shiitake Mushrooms Can 425g,https://www.woolworths.com.au/shop/productdetails/805219/awona-shiitake-mushrooms-can,https://assets.woolworths.com.au/images/1005/805219.jpg?impolicy=wowsmkqiema&w=260&h=260,$2.30,$5.41 / 1KG,,, Add to cart , Save to list 
Birch & Waite Salad Dressing Greek Yoghurt Feta & Dill 250ml,https://www.woolworths.com.au/shop/productdetails/883612/birch-waite-salad-dressing-greek-yoghurt-feta-dill,https://assets.woolworths.com.au/images/1005/883612.jpg?impolicy=wowsmkqiema&w=260&h=260,$6.00,$2.40 / 100ML,,, Add to cart , Save to list 
Green's Gravy Granules For Roast Meat 120g,https://www.woolworths.com.au/shop/productdetails/5612/green-s-gravy-granules-for-roast-meat,https://assets.woolworths.com.au/images/1005/5612.jpg?impolicy=wowsmkqiema&w=260&h=260,$4.20,$0.35 / 10G,,, Add to cart , Save to list 
Sshmallows White Mini Marshmallows 100g,https://www.woolworths.com.au/shop/productdetails/491355/sshmallows-white-mini-marshmallows,https://assets.woolworths.com.au/images/1005/491355.jpg?impolicy=wowsmkqiema&w=260&h=260,$2.00,$2.00 / 100G,,, Add to cart , Save to list 
Woolworths Yummy Rainbow Rings 300g,https://www.woolworths.com.au/shop/productdetails/841055/woolworths-yummy-rainbow-rings,https://assets.woolworths.com.au/images/1005/841055.jpg?impolicy=wowsmkqiema&w=260&h=260,$2.50,$0.83 / 100G,3.6,566, Add to cart , Save to list 
Gourmet Garden Parsley Lightly Dried 8g Sachet,https://www.woolworths.com.au/shop/productdetails/781403/gourmet-garden-parsley-lightly-dried,https://assets.woolworths.com.au/images/1005/781403.jpg?impolicy=wowsmkqiema&w=260&h=260,$4.00,$5.00 / 10G,,, Add to cart , Save to list 
White Wings Vanilla Cake Mix 510g,https://www.woolworths.com.au/shop/productdetails/454608/white-wings-vanilla-cake-mix,https://assets.woolworths.com.au/images/1005/454608.jpg?impolicy=wowsmkqiema&w=260&h=260,$5.00,$0.98 / 100G,,, Add to cart , Save to list 
Higher Living Ginger Kick Tea Bags 15 Pack,https://www.woolworths.com.au/shop/productdetails/701112/higher-living-ginger-kick-tea-bags,https://assets.woolworths.com.au/images/1005/701112.jpg?impolicy=wowsmkqiema&w=260&h=260,$4.40,$0.29 / 1EA,,, Add to cart , Save to list 
Ssm Uht Natural Coconut Cream 200ml,https://www.woolworths.com.au/shop/productdetails/686564/ssm-uht-natural-coconut-cream,https://assets.woolworths.com.au/images/1005/686564.jpg?impolicy=wowsmkqiema&w=260&h=260,$1.50,$0.75 / 100ML,,, Add to cart , Save to list 
Woolworths Ground Cardamom 24g,https://www.woolworths.com.au/shop/productdetails/250990/woolworths-ground-cardamom,https://assets.woolworths.com.au/images/1005/250990.jpg?impolicy=wowsmkqiema&w=260&h=260,$2.70,$1.13 / 10G,,, Add to cart , Save to list 
Blu Gourmet Pearl Couscous 400g,https://www.woolworths.com.au/shop/productdetails/62992/blu-gourmet-pearl-couscous,https://assets.woolworths.com.au/images/1005/62992.jpg?impolicy=wowsmkqiema&w=260&h=260,$5.50,$1.38 / 100G,,, Add to cart , Save to list 
Red Island Extra Virgin Olive Oil Cold Pressed 1l,https://www.woolworths.com.au/shop/productdetails/257879/red-island-extra-virgin-olive-oil-cold-pressed,https://assets.woolworths.com.au/images/1005/257879.jpg?impolicy=wowsmkqiema&w=260&h=260,$20.00,$2.00 / 100ML,,, Add to cart , Save to list 
Sunsol Low Sugar Almond Superseed & Dark Choc Muesli 400g,https://www.woolworths.com.au/shop/productdetails/189561/sunsol-low-sugar-almond-superseed-dark-choc-muesli,https://assets.woolworths.com.au/images/1005/189561.jpg?impolicy=wowsmkqiema&w=260&h=260,$7.00,$1.75 / 100G,,, Add to cart , Save to list 
Rose's English Breakfast Marmalade Jam 500g,https://www.woolworths.com.au/shop/productdetails/326554/rose-s-english-breakfast-marmalade-jam,https://assets.woolworths.com.au/images/1005/326554.jpg?impolicy=wowsmkqiema&w=260&h=260,$4.50,$0.90 / 100G,,, Add to cart , Save to list 
F. Whitlock & Sons Killer Baked Beans Fred's Ballistic Tomato & Basil 420g,https://www.woolworths.com.au/shop/productdetails/157481/f-whitlock-sons-killer-baked-beans-fred-s-ballistic-tomato-basil,https://assets.woolworths.com.au/images/1005/157481.jpg?impolicy=wowsmkqiema&w=260&h=260,$3.80,$0.90 / 100G,,, Add to cart , Save to list 
Starbucks Nescafe Dolce Gusto Cappuccino Coffee Pods 6 Pack,https://www.woolworths.com.au/shop/productdetails/61662/nescafe-starbucks-nescafe-dolce-gusto-cappuccino-coffee-pods,https://assets.woolworths.com.au/images/1005/61662.jpg?impolicy=wowsmkqiema&w=260&h=260,$10.00,$0.83 / 1EA,,, Add to cart , Save to list 
Belladotti Salad Toppers Bacon Bits 90g,https://www.woolworths.com.au/shop/productdetails/167516/belladotti-salad-toppers-bacon-bits,https://assets.woolworths.com.au/images/1005/167516.jpg?impolicy=wowsmkqiema&w=260&h=260,$3.90,$4.33 / 100G,,, Add to cart , Save to list 
Goulburn Valley Peaches In Juice 700g,https://www.woolworths.com.au/shop/productdetails/784123/goulburn-valley-peaches-in-juice-sliced-in-juice,https://assets.woolworths.com.au/images/1005/784123.jpg?impolicy=wowsmkqiema&w=260&h=260,$4.60,$6.57 / 1KG,,, Add to cart , Save to list 
Heinz Plant Proteinz Vegetarian Lentil & Sweet Potato Dahl 330g,https://www.woolworths.com.au/shop/productdetails/85842/heinz-plant-proteinz-vegetarian-lentil-sweet-potato-dahl,https://assets.woolworths.com.au/images/1005/85842.jpg?impolicy=wowsmkqiema&w=260&h=260,$3.50,$1.06 / 100G,,, Add to cart , Save to list 
"Macro Organic Brown Rice, Quinoa & Chia Seeds With Garlic 250g",https://www.woolworths.com.au/shop/productdetails/174910/macro-organic-brown-rice-quinoa-chia-seeds-with-garlic,https://assets.woolworths.com.au/images/1005/174910.jpg?impolicy=wowsmkqiema&w=260&h=260,$2.00,$0.80 / 100G,,, Add to cart , Save to list 
Woolworths Cashews 150g,https://www.woolworths.com.au/shop/productdetails/726352/woolworths-cashews,https://assets.woolworths.com.au/images/1005/726352.jpg?impolicy=wowsmkqiema&w=260&h=260,$3.70,$24.67 / 1KG,4.4,846, Add to cart , Save to list 
Kellogg's Corn Flakes Breakfast Cereal 450g,https://www.woolworths.com.au/shop/productdetails/532770/kelloggs-corn-flakes-breakfast-cereal,https://assets.woolworths.com.au/images/1005/532770.jpg?impolicy=wowsmkqiema&w=260&h=260,$5.50,$1.22 / 100G,,, Add to cart , Save to list 
La Molisana Extra Di Lusso 28 Fusilli 500g,https://www.woolworths.com.au/shop/productdetails/123906/la-molisana-extra-di-lusso-28-fusilli,https://assets.woolworths.com.au/images/1005/123906.jpg?impolicy=wowsmkqiema&w=260&h=260,$4.00,$0.80 / 100G,4.6,509, Add to cart , Save to list 
Masterfoods Devilled Sausages Recipe Base 175g,https://www.woolworths.com.au/shop/productdetails/345633/masterfoods-devilled-sausages-recipe-base,https://assets.woolworths.com.au/images/1005/345633.jpg?impolicy=wowsmkqiema&w=260&h=260,$2.80,$1.60 / 100G,,, Add to cart , Save to list 
Peck's Salmon & Lobster Spread 125g,https://www.woolworths.com.au/shop/productdetails/34935/peck-s-salmon-lobster-spread,https://assets.woolworths.com.au/images/1005/34935.jpg?impolicy=wowsmkqiema&w=260&h=260,$3.80,$3.04 / 100G,,, Add to cart , Save to list 
Kewpie Japanese Mayonnaise 500g,https://www.woolworths.com.au/shop/productdetails/364435/kewpie-japanese-mayonnaise,https://assets.woolworths.com.au/images/1005/364435.jpg?impolicy=wowsmkqiema&w=260&h=260,$8.00,$1.60 / 100G,,, Add to cart , Save to list 
Uncle Tobys Oats Quick Sachets Family Pack Original Porridge 680g,https://www.woolworths.com.au/shop/productdetails/149502/uncle-tobys-oats-quick-sachets-family-pack-original-porridge,https://assets.woolworths.com.au/images/1005/149502.jpg?impolicy=wowsmkqiema&w=260&h=260,$9.50,$1.40 / 100G,,, Add to cart , Save to list 
Mutti Passata Gastronomia Cherry Tomatoes 400g,https://www.woolworths.com.au/shop/productdetails/81718/mutti-passata-gastronomia-cherry-tomatoes,https://assets.woolworths.com.au/images/1005/81718.jpg?impolicy=wowsmkqiema&w=260&h=260,$4.10,$1.03 / 100G,,, Add to cart , Save to list 
Woolworths Blended Vegetable Oil 4l,https://www.woolworths.com.au/shop/productdetails/62034/woolworths-blended-vegetable-oil,https://assets.woolworths.com.au/images/1005/62034.jpg?impolicy=wowsmkqiema&w=260&h=260,$14.50,$0.36 / 100ML,5.0,1, Add to cart , Save to list 
Alfa One Rice Bran Oil 4l,https://www.woolworths.com.au/shop/productdetails/234923/alfa-one-rice-bran-oil,https://assets.woolworths.com.au/images/1005/234923.jpg?impolicy=wowsmkqiema&w=260&h=260,$22.00,$0.55 / 100ML,5.0,1, Add to cart , Save to list 
Hot Kids Rice Snacks Want Want Senbei 112g,https://www.woolworths.com.au/shop/productdetails/830230/hot-kids-rice-snacks-want-want-senbei,https://assets.woolworths.com.au/images/1005/830230.jpg?impolicy=wowsmkqiema&w=260&h=260,$3.30,$2.95 / 100G,,, Add to cart , Save to list 
Leggo's Tomato Paste No Added Salt Triple Concentrate Tub 2x140g,https://www.woolworths.com.au/shop/productdetails/22078/leggo-s-tomato-paste-no-added-salt-triple-concentrate-tub,https://assets.woolworths.com.au/images/1005/22078.jpg?impolicy=wowsmkqiema&w=260&h=260,$3.50,$1.25 / 100G,,, Add to cart , Save to list 
Maggi Gravy Mix Roast Chicken 24g,https://www.woolworths.com.au/shop/productdetails/257413/maggi-gravy-mix-roast-chicken,https://assets.woolworths.com.au/images/1005/257413.jpg?impolicy=wowsmkqiema&w=260&h=260,$1.25,$0.52 / 10G,,, Add to cart , Save to list 
Old El Paso Mexican Burrito Spice Mix 40g,https://www.woolworths.com.au/shop/productdetails/98778/old-el-paso-mexican-burrito-spice-mix,https://assets.woolworths.com.au/images/1005/98778.jpg?impolicy=wowsmkqiema&w=260&h=260,$2.45,$6.13 / 100G,,, Add to cart , Save to list 
Vetta Microwave Ready Pasta Classic Macaroni 150g,https://www.woolworths.com.au/shop/productdetails/112950/vetta-microwave-ready-pasta-classic-macaroni,https://assets.woolworths.com.au/images/1005/112950.jpg?impolicy=wowsmkqiema&w=260&h=260,$2.00,$1.33 / 100G,,, Add to cart , Save to list 
Woolworths Apple & Strawberry Puree 4 Pack,https://www.woolworths.com.au/shop/productdetails/852488/woolworths-apple-strawberry-puree,https://assets.woolworths.com.au/images/1005/852488.jpg?impolicy=wowsmkqiema&w=260&h=260,$2.20,$4.40 / 1KG,3.1,867, Add to cart , Save to list 
Angas Park Pitted Prunes Pitted 1kg,https://www.woolworths.com.au/shop/productdetails/369717/angas-park-pitted-prunes-pitted,https://assets.woolworths.com.au/images/1005/369717.jpg?impolicy=wowsmkqiema&w=260&h=260,$14.00,$14.00 / 1KG,,, Add to cart , Save to list 
Calbee Harvest Snaps Tasty Toppers Dijon Flavour 60g,https://www.woolworths.com.au/shop/productdetails/169423/calbee-harvest-snaps-tasty-toppers-dijon-flavour,https://assets.woolworths.com.au/images/1005/169423.jpg?impolicy=wowsmkqiema&w=260&h=260,$3.30,$5.50 / 100G,,, Add to cart , Save to list 
Dilmah Ceylon Tea Bags 50 Pack,https://www.woolworths.com.au/shop/productdetails/5306/dilmah-ceylon-tea-bags,https://assets.woolworths.com.au/images/1005/5306.jpg?impolicy=wowsmkqiema&w=260&h=260,$3.90,$0.08 / 1EA,,, Add to cart , Save to list 
Guzzi's Pappardelle 375g,https://www.woolworths.com.au/shop/productdetails/798252/guzzi-s-pappardelle,https://assets.woolworths.com.au/images/1005/798252.jpg?impolicy=wowsmkqiema&w=260&h=260,$5.25,$1.40 / 100G,,, Add to cart , Save to list 
Passage To Asia Chinese Hoisin Stir Fry Sauce 200g,https://www.woolworths.com.au/shop/productdetails/63925/passage-to-asia-chinese-hoisin-stir-fry-sauce,https://assets.woolworths.com.au/images/1005/63925.jpg?impolicy=wowsmkqiema&w=260&h=260,$2.40,$1.20 / 100G,,, Add to cart , Save to list 
Tandaco One Pan Dinner Savoury Noodle 200g,https://www.woolworths.com.au/shop/productdetails/35970/tandaco-one-pan-dinner-savoury-noodle-noodle,https://assets.woolworths.com.au/images/1005/35970.jpg?impolicy=wowsmkqiema&w=260&h=260,$5.60,$2.80 / 100G,,, Add to cart , Save to list 
Woolworths Chicken Springwater 85g,https://www.woolworths.com.au/shop/productdetails/346124/woolworths-chicken-springwater,https://assets.woolworths.com.au/images/1005/346124.jpg?impolicy=wowsmkqiema&w=260&h=260,$1.40,$16.47 / 1KG,2.9,745, Add to cart , Save to list 
Aunt Betty's Creamy Rice Dessert Natural Vanilla 240g,https://www.woolworths.com.au/shop/productdetails/493529/aunt-betty-s-creamy-rice-dessert-natural-vanilla,https://assets.woolworths.com.au/images/1005/493529.jpg?impolicy=wowsmkqiema&w=260&h=260,$2.50,$1.04 / 100G,,, Add to cart , Save to list 
Uncle Tobys Cereal Plus Fibre 775g,https://www.woolworths.com.au/shop/productdetails/827627/uncle-tobys-cereal-plus-fibre,https://assets.woolworths.com.au/images/1005/827627.jpg?impolicy=wowsmkqiema&w=260&h=260,$8.80,$1.14 / 100G,,, Add to cart , Save to list 
Belvita Cranberry & Sultana Soft Bake Biscuits 200g,https://www.woolworths.com.au/shop/productdetails/674685/belvita-cranberry-sultana-soft-bake-biscuits,https://assets.woolworths.com.au/images/1005/674685.jpg?impolicy=wowsmkqiema&w=260&h=260,$3.50,$1.75 / 100G,,, Add to cart , Save to list 
Kan Tong Honey Soy & Garlic Meal Base Pouch 175g,https://www.woolworths.com.au/shop/productdetails/656962/kan-tong-honey-soy-garlic-meal-base-pouch,https://assets.woolworths.com.au/images/1005/656962.jpg?impolicy=wowsmkqiema&w=260&h=260,$3.50,$2.00 / 100G,,, Add to cart , Save to list 
Taylor's Simmer Sauce Kashmiri Butter Chicken 485g,https://www.woolworths.com.au/shop/productdetails/194994/taylor-s-simmer-sauce-kashmiri-butter-chicken,https://assets.woolworths.com.au/images/1005/194994.jpg?impolicy=wowsmkqiema&w=260&h=260,$4.80,$0.99 / 100G,,, Add to cart , Save to list 
Heinz Beanz Baked Beans In Bbq Sauce Barbecue Beans 555g,https://www.woolworths.com.au/shop/productdetails/657431/heinz-beanz-baked-beans-in-bbq-sauce-barbecue-beans,https://assets.woolworths.com.au/images/1005/657431.jpg?impolicy=wowsmkqiema&w=260&h=260,$3.50,$0.63 / 100G,,, Add to cart , Save to list 
Sunbeam Australian Lexia Raisins 375g,https://www.woolworths.com.au/shop/productdetails/32687/sunbeam-australian-lexia-raisins,https://assets.woolworths.com.au/images/1005/32687.jpg?impolicy=wowsmkqiema&w=260&h=260,$5.50,$14.67 / 1KG,,, Add to cart , Save to list 
Mckenzie's Soup Mix 500g,https://www.woolworths.com.au/shop/productdetails/27294/mckenzie-s-soup-mix,https://assets.woolworths.com.au/images/1005/27294.jpg?impolicy=wowsmkqiema&w=260&h=260,$1.90,$0.38 / 100G,,, Add to cart , Save to list 
Masterfoods Onion Powder 40g,https://www.woolworths.com.au/shop/productdetails/35389/masterfoods-onion-powder,https://assets.woolworths.com.au/images/1005/35389.jpg?impolicy=wowsmkqiema&w=260&h=260,$3.70,$0.93 / 10G,,, Add to cart , Save to list 
Aeroplane Original Raspberry Flavoured Jelly 85g,https://www.woolworths.com.au/shop/productdetails/6094/aeroplane-original-raspberry-flavoured-jelly,https://assets.woolworths.com.au/images/1005/6094.jpg?impolicy=wowsmkqiema&w=260&h=260,$1.10,$1.29 / 100G,,, Add to cart , Save to list 
Heinz Mexican Chilli Beanz Beans Medium Canned Beans 420g,https://www.woolworths.com.au/shop/productdetails/158948/heinz-mexican-chilli-beanz-beans-medium-canned-beans,https://assets.woolworths.com.au/images/1005/158948.jpg?impolicy=wowsmkqiema&w=260&h=260,$3.50,$0.83 / 100G,,, Add to cart , Save to list 
Sa Gourmet Food Co Classique French Onion Soup 430g,https://www.woolworths.com.au/shop/productdetails/217153/sa-gourmet-food-co-classique-french-onion-soup,https://assets.woolworths.com.au/images/1005/217153.jpg?impolicy=wowsmkqiema&w=260&h=260,$3.00,$0.70 / 100G,5.0,1, Add to cart , Save to list 
The Food Company Garlic Chopped 375g,https://www.woolworths.com.au/shop/productdetails/226497/the-food-company-garlic-chopped,https://assets.woolworths.com.au/images/1005/226497.jpg?impolicy=wowsmkqiema&w=260&h=260,$4.99,$0.13 / 10G,5.0,2, Add to cart , Save to list 
Uncle Tobys Cereal Plus Protein 410g,https://www.woolworths.com.au/shop/productdetails/701901/uncle-tobys-cereal-plus-protein,https://assets.woolworths.com.au/images/1005/701901.jpg?impolicy=wowsmkqiema&w=260&h=260,$6.50,$1.59 / 100G,,, Add to cart , Save to list 
Valcom Canned Chestnuts Water Sliced 227g,https://www.woolworths.com.au/shop/productdetails/38882/valcom-canned-chestnuts-water-sliced,https://assets.woolworths.com.au/images/1005/38882.jpg?impolicy=wowsmkqiema&w=260&h=260,$1.40,$0.62 / 100G,,, Add to cart , Save to list 
White Wings Cake Mix Rich Chocolate Cake 535g,https://www.woolworths.com.au/shop/productdetails/347092/white-wings-cake-mix-rich-chocolate-cake,https://assets.woolworths.com.au/images/1005/347092.jpg?impolicy=wowsmkqiema&w=260&h=260,$5.00,$0.93 / 100G,5.0,1, Add to cart , Save to list 
Woolworths Mushrooms In Butter Sauce 400g,https://www.woolworths.com.au/shop/productdetails/791179/woolworths-mushrooms-in-butter-sauce,https://assets.woolworths.com.au/images/1005/791179.jpg?impolicy=wowsmkqiema&w=260&h=260,$2.90,$7.25 / 1KG,3.6,513, Add to cart , Save to list 
Nestle Coffee Mate Coffee Flavouring Whitener 400g,https://www.woolworths.com.au/shop/productdetails/212816/nestle-coffee-mate-coffee-flavouring-whitener,https://assets.woolworths.com.au/images/1005/212816.jpg?impolicy=wowsmkqiema&w=260&h=260,$4.50,$1.13 / 100G,,, Add to cart , Save to list 
Praise Deli Style Honey Dijon 250ml,https://www.woolworths.com.au/shop/productdetails/635764/praise-deli-style-honey-dijon,https://assets.woolworths.com.au/images/1005/635764.jpg?impolicy=wowsmkqiema&w=260&h=260,,,,,, Save to list 
Woolworths Dill 10g,https://www.woolworths.com.au/shop/productdetails/251009/woolworths-dill,https://assets.woolworths.com.au/images/1005/251009.jpg?impolicy=wowsmkqiema&w=260&h=260,$2.00,$2.00 / 10G,,, Add to cart , Save to list 
Continental Recipe Base Spaghetti Bolognese 50g,https://www.woolworths.com.au/shop/productdetails/79923/continental-recipe-base-spaghetti-bolognese,https://assets.woolworths.com.au/images/1005/79923.jpg?impolicy=wowsmkqiema&w=260&h=260,$1.80,$3.60 / 100G,,, Add to cart , Save to list 
Heinz Plant Proteinz Vegetarian Coconut Pumpkin Chickpea Soup 330g,https://www.woolworths.com.au/shop/productdetails/85345/heinz-plant-proteinz-vegetarian-coconut-pumpkin-chickpea-soup,https://assets.woolworths.com.au/images/1005/85345.jpg?impolicy=wowsmkqiema&w=260&h=260,$3.50,$1.06 / 100G,,, Add to cart , Save to list 
Hoyts Star Anise Whole 12g,https://www.woolworths.com.au/shop/productdetails/279821/hoyts-star-anise-whole,https://assets.woolworths.com.au/images/1005/279821.jpg?impolicy=wowsmkqiema&w=260&h=260,$2.60,$2.17 / 10G,,, Add to cart , Save to list 
Altimate Waffle Ice Cream Cones 12 Pack,https://www.woolworths.com.au/shop/productdetails/213293/altimate-waffle-ice-cream-cones,https://assets.woolworths.com.au/images/1005/213293.jpg?impolicy=wowsmkqiema&w=260&h=260,$4.70,$3.13 / 100G,,, Add to cart , Save to list 
Edgell Sliced Mushrooms In Butter Sauce 220g,https://www.woolworths.com.au/shop/productdetails/34107/edgell-sliced-mushrooms-in-butter-sauce,https://assets.woolworths.com.au/images/1005/34107.jpg?impolicy=wowsmkqiema&w=260&h=260,$1.80,$8.18 / 1KG,,, Add to cart , Save to list 
Always Fresh Garlic Minced Jar 400g,https://www.woolworths.com.au/shop/productdetails/205293/always-fresh-garlic-minced-jar,https://assets.woolworths.com.au/images/1005/205293.jpg?impolicy=wowsmkqiema&w=260&h=260,$4.50,$0.11 / 10G,,, Add to cart , Save to list 
Hakubaku Japanese Ramen Noodle 270g,https://www.woolworths.com.au/shop/productdetails/210717/hakubaku-japanese-ramen-noodle,https://assets.woolworths.com.au/images/1005/210717.jpg?impolicy=wowsmkqiema&w=260&h=260,$2.80,$1.04 / 100G,,, Add to cart , Save to list 
Uncle Tobys Natural Style Swiss Blend Muesli Breakfast Cereal 1kg,https://www.woolworths.com.au/shop/productdetails/36370/uncle-tobys-natural-style-swiss-blend-muesli-breakfast-cereal,https://assets.woolworths.com.au/images/1005/36370.jpg?impolicy=wowsmkqiema&w=260&h=260,$6.50,$0.65 / 100G,,, Add to cart , Save to list 
Higher Living Licorice Tea Bags 15 Pack,https://www.woolworths.com.au/shop/productdetails/728206/higher-living-licorice-tea-bags,https://assets.woolworths.com.au/images/1005/728206.jpg?impolicy=wowsmkqiema&w=260&h=260,$4.40,$0.29 / 1EA,,, Add to cart , Save to list 
Lee Kum Kee Sauce San Choy Bao 100g,https://www.woolworths.com.au/shop/productdetails/329803/lee-kum-kee-sauce-san-choy-bao,https://assets.woolworths.com.au/images/1005/329803.jpg?impolicy=wowsmkqiema&w=260&h=260,$1.60,$1.60 / 100G,5.0,1, Add to cart , Save to list 
Masterfoods Mint Jelly Sauce 290g,https://www.woolworths.com.au/shop/productdetails/38443/masterfoods-mint-jelly-sauce,https://assets.woolworths.com.au/images/1005/38443.jpg?impolicy=wowsmkqiema&w=260&h=260,$3.00,$1.03 / 100G,,, Add to cart , Save to list 
T2 Wakey Wakey Tea Bags 10 Pack,https://www.woolworths.com.au/shop/productdetails/159547/t2-wakey-wakey-tea-bags,https://assets.woolworths.com.au/images/1005/159547.jpg?impolicy=wowsmkqiema&w=260&h=260,$7.00,$0.70 / 1EA,,, Add to cart , Save to list 
Altimate Funtime Traditional Wafer Cups 21 Pack,https://www.woolworths.com.au/shop/productdetails/739719/altimate-funtime-traditional-wafer-cups,https://assets.woolworths.com.au/images/1005/739719.jpg?impolicy=wowsmkqiema&w=260&h=260,$3.40,$4.53 / 100G,,, Add to cart , Save to list 
Cottee's Plum Jam With No Added Flavours Or Preservatives 500g,https://www.woolworths.com.au/shop/productdetails/35525/cottees-plum-jam-with-no-added-flavours-or-preservatives,https://assets.woolworths.com.au/images/1005/35525.jpg?impolicy=wowsmkqiema&w=260&h=260,$3.00,$0.60 / 100G,,, Add to cart , Save to list 
Vitasoy Almond Milky 1l,https://www.woolworths.com.au/shop/productdetails/660390/vitasoy-almond-milky,https://assets.woolworths.com.au/images/1005/660390.jpg?impolicy=wowsmkqiema&w=260&h=260,$3.00,$3.00 / 1L,,, Add to cart , Save to list 
Aunt Betty's Whipped Cream Vanilla Bliss 250ml,https://www.woolworths.com.au/shop/productdetails/661057/aunt-betty-s-whipped-cream-vanilla-bliss,https://assets.woolworths.com.au/images/1005/661057.jpg?impolicy=wowsmkqiema&w=260&h=260,$3.50,$1.40 / 100ML,,, Add to cart , Save to list 
Ayam Coconut Cream 270ml,https://www.woolworths.com.au/shop/productdetails/57199/ayam-coconut-cream,https://assets.woolworths.com.au/images/1005/57199.jpg?impolicy=wowsmkqiema&w=260&h=260,$2.90,$1.07 / 100ML,,, Add to cart , Save to list 
White Wings Banana Muffin 455g,https://www.woolworths.com.au/shop/productdetails/577127/white-wings-banana-muffin,https://assets.woolworths.com.au/images/1005/577127.jpg?impolicy=wowsmkqiema&w=260&h=260,$5.00,$1.10 / 100G,,, Add to cart , Save to list 
White Wings Donut Bites 250g,https://www.woolworths.com.au/shop/productdetails/682304/white-wings-donut-bites,https://assets.woolworths.com.au/images/1005/682304.jpg?impolicy=wowsmkqiema&w=260&h=260,$5.00,$2.00 / 100G,,, Add to cart , Save to list 
Heinz Tortellini Three Cheese Pasta With Creamy Mushroom & Bacon 350g,https://www.woolworths.com.au/shop/productdetails/159329/heinz-tortellini-three-cheese-pasta-with-creamy-mushroom-bacon,https://assets.woolworths.com.au/images/1005/159329.jpg?impolicy=wowsmkqiema&w=260&h=260,$5.30,$1.51 / 100G,,, Add to cart , Save to list 
Marutomo Soba Dipping Sauce 360ml,https://www.woolworths.com.au/shop/productdetails/673014/marutomo-soba-dipping-sauce,https://assets.woolworths.com.au/images/1005/673014.jpg?impolicy=wowsmkqiema&w=260&h=260,$5.25,$1.46 / 100ML,,, Add to cart , Save to list 
Praise Traditional Mayonnaise Squeeze Bottle 490g,https://www.woolworths.com.au/shop/productdetails/136644/praise-traditional-mayonnaise-squeeze-bottle,https://assets.woolworths.com.au/images/1005/136644.jpg?impolicy=wowsmkqiema&w=260&h=260,$4.50,$0.92 / 100G,,, Add to cart , Save to list 
Vittoria Latte Nespresso Compatible Coffee Capsules Pack 10,https://www.woolworths.com.au/shop/productdetails/93466/vittoria-latte-nespresso-compatible-coffee-capsules,https://assets.woolworths.com.au/images/1005/93466.jpg?impolicy=wowsmkqiema&w=260&h=260,$5.50,$0.55 / 1EA,,, Add to cart , Save to list 
Woolworths Almonds Natural 150g,https://www.woolworths.com.au/shop/productdetails/726282/woolworths-almonds-natural,https://assets.woolworths.com.au/images/1005/726282.jpg?impolicy=wowsmkqiema&w=260&h=260,$3.15,$21.00 / 1KG,4.5,528, Add to cart , Save to list 
Woolworths Freeze Dried Coffee Decaf 100g,https://www.woolworths.com.au/shop/productdetails/347035/woolworths-freeze-dried-coffee-decaf,https://assets.woolworths.com.au/images/1005/347035.jpg?impolicy=wowsmkqiema&w=260&h=260,$4.00,$4.00 / 100G,3.8,669, Add to cart , Save to list 
Aeroplane Ready To Eat Jelly Cup Snack Strawberry Flavour 120g,https://www.woolworths.com.au/shop/productdetails/754498/aeroplane-ready-to-eat-jelly-cup-snack-strawberry-flavour,https://assets.woolworths.com.au/images/1005/754498.jpg?impolicy=wowsmkqiema&w=260&h=260,$1.40,$1.17 / 100G,,, Add to cart , Save to list 
Cadbury Baking White Chocolate Chips 200g,https://www.woolworths.com.au/shop/productdetails/490219/cadbury-baking-white-chocolate-chips,https://assets.woolworths.com.au/images/1005/490219.jpg?impolicy=wowsmkqiema&w=260&h=260,$2.70,$1.35 / 100G,,, Add to cart , Save to list 
Heinz Tortellini Three Cheese Pasta With Creamy Pumpkin & Garlic 350g,https://www.woolworths.com.au/shop/productdetails/159028/heinz-tortellini-three-cheese-pasta-with-creamy-pumpkin-garlic,https://assets.woolworths.com.au/images/1005/159028.jpg?impolicy=wowsmkqiema&w=260&h=260,$5.30,$1.51 / 100G,,, Add to cart , Save to list 
Pigeon Brand Baby Corn In Brine 425g,https://www.woolworths.com.au/shop/productdetails/186810/pigeon-brand-baby-corn-in-brine,https://assets.woolworths.com.au/images/1005/186810.jpg?impolicy=wowsmkqiema&w=260&h=260,$2.00,$0.47 / 100G,,, Add to cart , Save to list 
Praise Traditional Creamy Mayonnaise 365g,https://www.woolworths.com.au/shop/productdetails/128898/praise-traditional-creamy-mayonnaise,https://assets.woolworths.com.au/images/1005/128898.jpg?impolicy=wowsmkqiema&w=260&h=260,$4.00,$1.10 / 100G,,, Add to cart , Save to list 
Woolworths Lychees In Syrup 560g,https://www.woolworths.com.au/shop/productdetails/756335/woolworths-lychees-in-syrup,https://assets.woolworths.com.au/images/1005/756335.jpg?impolicy=wowsmkqiema&w=260&h=260,$2.75,$4.91 / 1KG,,, Add to cart , Save to list 
Masterfoods Moroccan Chicken Simmer Sauce 510g,https://www.woolworths.com.au/shop/productdetails/764836/masterfoods-moroccan-chicken-simmer-sauce,https://assets.woolworths.com.au/images/1005/764836.jpg?impolicy=wowsmkqiema&w=260&h=260,$3.00,$0.59 / 100G,,, Add to cart , Save to list 
Arnott's Gluten Free Choc Ripple Plain Biscuits 150g,https://www.woolworths.com.au/shop/productdetails/168908/arnott-s-gluten-free-choc-ripple-plain-biscuits,https://assets.woolworths.com.au/images/1005/168908.jpg?impolicy=wowsmkqiema&w=260&h=260,$4.70,$3.13 / 100G,,, Add to cart , Save to list 
Leggo's Providore D'italia Sugo Basilico Pasta Sauce 400g,https://www.woolworths.com.au/shop/productdetails/150664/leggo-s-providore-d-italia-sugo-basilico-pasta-sauce,https://assets.woolworths.com.au/images/1005/150664.jpg?impolicy=wowsmkqiema&w=260&h=260,$6.00,$1.50 / 100G,,, Add to cart , Save to list 
Three Threes Spreadable Sweet Mustard Pickles 390g,https://www.woolworths.com.au/shop/productdetails/47553/three-threes-spreadable-sweet-mustard-pickles,https://assets.woolworths.com.au/images/1005/47553.jpg?impolicy=wowsmkqiema&w=260&h=260,$2.80,$7.18 / 1KG,,, Add to cart , Save to list 
Woolworths Almonds Flaked 120g,https://www.woolworths.com.au/shop/productdetails/726280/woolworths-almonds-flaked,https://assets.woolworths.com.au/images/1005/726280.jpg?impolicy=wowsmkqiema&w=260&h=260,$3.50,$29.17 / 1KG,4.6,1036, Add to cart , Save to list 
Golden Circle Canned Vegetables Sliced Beetroot Cans 850g,https://www.woolworths.com.au/shop/productdetails/34133/golden-circle-canned-vegetables-sliced-beetroot-cans,https://assets.woolworths.com.au/images/1005/34133.jpg?impolicy=wowsmkqiema&w=260&h=260,,,,,, Save to list 
Edgell Canned Butter Beans Picked And Soaked Legumes 400g,https://www.woolworths.com.au/shop/productdetails/732217/edgell-canned-butter-beans-picked-and-soaked-legumes,https://assets.woolworths.com.au/images/1005/732217.jpg?impolicy=wowsmkqiema&w=260&h=260,$1.50,$0.38 / 100G,,, Add to cart , Save to list 
Kellogg's Corn Flakes Breakfast Cereal 220g,https://www.woolworths.com.au/shop/productdetails/701674/kelloggs-corn-flakes-breakfast-cereal,https://assets.woolworths.com.au/images/1005/701674.jpg?impolicy=wowsmkqiema&w=260&h=260,$3.50,$1.59 / 100G,,, Add to cart , Save to list 
Sunrice Doongara Low Gi Brown Rice 1kg,https://www.woolworths.com.au/shop/productdetails/199382/sunrice-doongara-low-gi-brown-rice,https://assets.woolworths.com.au/images/1005/199382.jpg?impolicy=wowsmkqiema&w=260&h=260,$4.60,$0.46 / 100G,,, Add to cart , Save to list 
Birch & Waite Lime Chipotle Dressing & Sauce 250ml,https://www.woolworths.com.au/shop/productdetails/209676/birch-waite-lime-chipotle-dressing-sauce,https://assets.woolworths.com.au/images/1005/209676.jpg?impolicy=wowsmkqiema&w=260&h=260,$6.00,$2.40 / 100ML,,, Add to cart , Save to list 
Maggi Fusian 2 Minute Instant Mi Goreng Soy & Mild Spice Cup 64g,https://www.woolworths.com.au/shop/productdetails/700105/maggi-fusian-2-minute-instant-mi-goreng-soy-mild-spice-cup,https://assets.woolworths.com.au/images/1005/700105.jpg?impolicy=wowsmkqiema&w=260&h=260,$1.50,$2.34 / 100G,,, Add to cart , Save to list 
Queen Finest Vanilla Bean Pods 4g,https://www.woolworths.com.au/shop/productdetails/576098/queen-finest-vanilla-bean-pods,https://assets.woolworths.com.au/images/1005/576098.jpg?impolicy=wowsmkqiema&w=260&h=260,$8.00,$20.00 / 10G,,, Add to cart , Save to list 
San Remo Gluten Free Fettucine 350g,https://www.woolworths.com.au/shop/productdetails/657011/san-remo-gluten-free-fettucine,https://assets.woolworths.com.au/images/1005/657011.jpg?impolicy=wowsmkqiema&w=260&h=260,$3.50,$1.00 / 100G,,, Add to cart , Save to list 
Twinings Ceylon Orange Pekoe Tea Bags 50 Pack,https://www.woolworths.com.au/shop/productdetails/257225/twinings-ceylon-orange-pekoe-tea-bags-tea-bags,https://assets.woolworths.com.au/images/1005/257225.jpg?impolicy=wowsmkqiema&w=260&h=260,$7.50,$0.15 / 1EA,,, Add to cart , Save to list 
Mckenzie's Pepper Black Whole 200g,https://www.woolworths.com.au/shop/productdetails/320994/mckenzie-s-pepper-black-whole,https://assets.woolworths.com.au/images/1005/320994.jpg?impolicy=wowsmkqiema&w=260&h=260,$5.95,$0.30 / 10G,4.0,1, Add to cart , Save to list 
Woolworths Mixed Herbs Dried 12g,https://www.woolworths.com.au/shop/productdetails/251120/woolworths-mixed-herbs-dried,https://assets.woolworths.com.au/images/1005/251120.jpg?impolicy=wowsmkqiema&w=260&h=260,$2.39,$1.99 / 10G,5.0,2, Add to cart , Save to list 
Madura English Breakfast Tea Bags 50 Pack 100g,https://www.woolworths.com.au/shop/productdetails/65702/madura-english-breakfast-tea-bags,https://assets.woolworths.com.au/images/1005/65702.jpg?impolicy=wowsmkqiema&w=260&h=260,$5.45,$0.11 / 1EA,,, Add to cart , Save to list 
Macro Organic Almond Milk 1l,https://www.woolworths.com.au/shop/productdetails/730941/macro-organic-almond-milk,https://assets.woolworths.com.au/images/1005/730941.jpg?impolicy=wowsmkqiema&w=260&h=260,$2.50,$2.50 / 1L,4.0,339, Add to cart , Save to list 
Superfruit Pitted Prunes 250g,https://www.woolworths.com.au/shop/productdetails/173497/superfruit-pitted-prunes,https://assets.woolworths.com.au/images/1005/173497.jpg?impolicy=wowsmkqiema&w=260&h=260,$2.45,$9.80 / 1KG,,, Add to cart , Save to list 
Mutti Organic Tomato Paste Double Concentrated 130g,https://www.woolworths.com.au/shop/productdetails/218066/mutti-organic-tomato-paste-double-concentrated,https://assets.woolworths.com.au/images/1005/218066.jpg?impolicy=wowsmkqiema&w=260&h=260,$2.50,$1.92 / 100G,,, Add to cart , Save to list 
Woolworths Jelly Strawberry 85g,https://www.woolworths.com.au/shop/productdetails/294265/woolworths-jelly-strawberry,https://assets.woolworths.com.au/images/1005/294265.jpg?impolicy=wowsmkqiema&w=260&h=260,,,4.6,134,, Save to list 
Barilla Pasta Elbows Gluten Free 340g,https://www.woolworths.com.au/shop/productdetails/620648/barilla-pasta-elbows-gluten-free-gluten-free,https://assets.woolworths.com.au/images/1005/620648.jpg?impolicy=wowsmkqiema&w=260&h=260,$4.70,$1.38 / 100G,,, Add to cart , Save to list 
Clive Of India Curry Powder 100g,https://www.woolworths.com.au/shop/productdetails/30015/clive-of-india-curry-powder,https://assets.woolworths.com.au/images/1005/30015.jpg?impolicy=wowsmkqiema&w=260&h=260,$4.00,$0.40 / 10G,,, Add to cart , Save to list 
Jordans Chunky Nut Crispy Oat Clusters 500g,https://www.woolworths.com.au/shop/productdetails/780739/jordans-chunky-nut-crispy-oat-clusters,https://assets.woolworths.com.au/images/1005/780739.jpg?impolicy=wowsmkqiema&w=260&h=260,$4.25,$0.85 / 100G,,, Add to cart , Save to list 
Nando's Medium Rub Spice Seasoning 25g,https://www.woolworths.com.au/shop/productdetails/581165/nando-s-medium-rub-spice-seasoning,https://assets.woolworths.com.au/images/1005/581165.jpg?impolicy=wowsmkqiema&w=260&h=260,$3.40,$1.36 / 10G,,, Add to cart , Save to list 
Cottee's Breakfast Marmalade Jam 500g,https://www.woolworths.com.au/shop/productdetails/33584/cottees-breakfast-marmalade-jam-breakfast-marmalade,https://assets.woolworths.com.au/images/1005/33584.jpg?impolicy=wowsmkqiema&w=260&h=260,$3.00,$0.60 / 100G,,, Add to cart , Save to list 
Freedom Classic Rice Puffs Cereal 250g,https://www.woolworths.com.au/shop/productdetails/224381/freedom-classic-rice-puffs-cereal,https://assets.woolworths.com.au/images/1005/224381.jpg?impolicy=wowsmkqiema&w=260&h=260,$4.00,$1.60 / 100G,,, Add to cart , Save to list 
Mr Chen's Panko Bread Crumbs 250g,https://www.woolworths.com.au/shop/productdetails/122677/mr-chen-s-panko-bread-crumbs,https://assets.woolworths.com.au/images/1005/122677.jpg?impolicy=wowsmkqiema&w=260&h=260,$2.50,$1.00 / 100G,,, Add to cart , Save to list 
Edgell Four Bean Mix Picked & Soaked Canned Legume Snack Pack 125g X4 Pack,https://www.woolworths.com.au/shop/productdetails/301303/edgell-four-bean-mix-picked-soaked-canned-legume-snack-pack,https://assets.woolworths.com.au/images/1005/301303.jpg?impolicy=wowsmkqiema&w=260&h=260,$3.80,$7.60 / 1KG,,, Add to cart , Save to list 
Lakanto Monkfruit Classic Sweetener Replaces White Sugar 500g,https://www.woolworths.com.au/shop/productdetails/143186/lakanto-monkfruit-classic-sweetener-replaces-white-sugar,https://assets.woolworths.com.au/images/1005/143186.jpg?impolicy=wowsmkqiema&w=260&h=260,$16.00,$3.20 / 100G,,, Add to cart , Save to list 
Madura Premium Blend Tea 200g,https://www.woolworths.com.au/shop/productdetails/228520/madura-premium-blend-tea,https://assets.woolworths.com.au/images/1005/228520.jpg?impolicy=wowsmkqiema&w=260&h=260,$6.60,$3.30 / 100G,,, Add to cart , Save to list 
Spc Apple Puree Cups 4 X 120g,https://www.woolworths.com.au/shop/productdetails/591705/spc-apple-puree-cups,https://assets.woolworths.com.au/images/1005/591705.jpg?impolicy=wowsmkqiema&w=260&h=260,$4.50,$9.38 / 1KG,,, Add to cart , Save to list 
Woolworths Fruit Salad In Juice 410g,https://www.woolworths.com.au/shop/productdetails/753174/woolworths-fruit-salad-in-juice,https://assets.woolworths.com.au/images/1005/753174.jpg?impolicy=wowsmkqiema&w=260&h=260,$2.50,$6.10 / 1KG,3.4,804, Add to cart , Save to list 
Sanitarium Up&go Dairy Free Liquid Breakfast Vanilla Ice 3 Pack,https://www.woolworths.com.au/shop/productdetails/121505/sanitarium-up-go-dairy-free-liquid-breakfast-vanilla-ice,https://assets.woolworths.com.au/images/1005/121505.jpg?impolicy=wowsmkqiema&w=260&h=260,$5.60,$7.47 / 1L,,, Add to cart , Save to list 
"Dolmio Extra Tomato, Onion & Garlic Salt Reduced Pasta Sauce 500g",https://www.woolworths.com.au/shop/productdetails/758316/dolmio-extra-tomato-onion-garlic-salt-reduced-pasta-sauce,https://assets.woolworths.com.au/images/1005/758316.jpg?impolicy=wowsmkqiema&w=260&h=260,$3.10,$0.62 / 100G,,, Add to cart , Save to list 
Edgell Garden Peas Picked & Shelled Canned Vegetables 420g,https://www.woolworths.com.au/shop/productdetails/34114/edgell-garden-peas-picked-shelled-canned-vegetables,https://assets.woolworths.com.au/images/1005/34114.jpg?impolicy=wowsmkqiema&w=260&h=260,$2.00,$4.76 / 1KG,,, Add to cart , Save to list 
La Zuppa Soup Pouch Chicken & Sweetcorn 500g,https://www.woolworths.com.au/shop/productdetails/198091/la-zuppa-soup-pouch-chicken-sweetcorn,https://assets.woolworths.com.au/images/1005/198091.jpg?impolicy=wowsmkqiema&w=260&h=260,$5.50,$1.10 / 100G,5.0,1, Add to cart , Save to list 
Masterfoods Honey Mustard Chicken Simmer Sauce 505g,https://www.woolworths.com.au/shop/productdetails/764856/masterfoods-honey-mustard-chicken-simmer-sauce,https://assets.woolworths.com.au/images/1005/764856.jpg?impolicy=wowsmkqiema&w=260&h=260,$3.00,$0.59 / 100G,,, Add to cart , Save to list 
Cottee's Instant Vanilla Pudding 100g,https://www.woolworths.com.au/shop/productdetails/137364/cottees-instant-vanilla-pudding-vanilla,https://assets.woolworths.com.au/images/1005/137364.jpg?impolicy=wowsmkqiema&w=260&h=260,$1.80,$1.80 / 100G,,, Add to cart , Save to list 
Vittoria Italian Ground 200g,https://www.woolworths.com.au/shop/productdetails/32179/vittoria-italian-ground,https://assets.woolworths.com.au/images/1005/32179.jpg?impolicy=wowsmkqiema&w=260&h=260,$7.00,$3.50 / 100G,,, Add to cart , Save to list 
Pandaroo Salad Dressing Vietnamese 270ml,https://www.woolworths.com.au/shop/productdetails/789366/pandaroo-salad-dressing-vietnamese,https://assets.woolworths.com.au/images/1005/789366.jpg?impolicy=wowsmkqiema&w=260&h=260,$3.20,$1.19 / 100ML,,, Add to cart , Save to list 
Paul Newman's Dressings Ranch 250ml,https://www.woolworths.com.au/shop/productdetails/46037/paul-newman-s-dressings-ranch,https://assets.woolworths.com.au/images/1005/46037.jpg?impolicy=wowsmkqiema&w=260&h=260,$3.00,$1.20 / 100ML,,, Add to cart , Save to list 
Csr Dark Muscovado Sugar 250g,https://www.woolworths.com.au/shop/productdetails/659256/csr-dark-muscovado-sugar,https://assets.woolworths.com.au/images/1005/659256.jpg?impolicy=wowsmkqiema&w=260&h=260,$4.00,$1.60 / 100G,,, Add to cart , Save to list 
Chang's Sesame Oil 280ml,https://www.woolworths.com.au/shop/productdetails/92420/chang-s-sesame-oil,https://assets.woolworths.com.au/images/1005/92420.jpg?impolicy=wowsmkqiema&w=260&h=260,$5.60,$2.00 / 100ML,,, Add to cart , Save to list 
Old El Paso Mexican Rice With Chilli & Vegetables 240g,https://www.woolworths.com.au/shop/productdetails/183643/old-el-paso-mexican-rice-with-chilli-vegetables,https://assets.woolworths.com.au/images/1005/183643.jpg?impolicy=wowsmkqiema&w=260&h=260,$4.50,$1.88 / 100G,,, Add to cart , Save to list 
The Sauce By Manu Mushroom 150g,https://www.woolworths.com.au/shop/productdetails/67182/the-sauce-by-manu-mushroom,https://assets.woolworths.com.au/images/1005/67182.jpg?impolicy=wowsmkqiema&w=260&h=260,$5.00,$3.33 / 100G,,, Add to cart , Save to list 
Kellogg's Variety Assorted Breakfast Cereals 8 Pack,https://www.woolworths.com.au/shop/productdetails/1762/kelloggs-variety-assorted-breakfast-cereals,https://assets.woolworths.com.au/images/1005/1762.jpg?impolicy=wowsmkqiema&w=260&h=260,$8.00,$2.91 / 100G,,, Add to cart , Save to list 
Dilmah Extra Strength Tea Bags 200 Pack,https://www.woolworths.com.au/shop/productdetails/250036/dilmah-extra-strength-tea-bags,https://assets.woolworths.com.au/images/1005/250036.jpg?impolicy=wowsmkqiema&w=260&h=260,$12.50,$0.06 / 1EA,,, Add to cart , Save to list 
Hart & Soul Beef Bone Broth Soup 350g,https://www.woolworths.com.au/shop/productdetails/82416/hart-soul-beef-bone-broth-soup,https://assets.woolworths.com.au/images/1005/82416.jpg?impolicy=wowsmkqiema&w=260&h=260,$4.50,$1.29 / 100G,,, Add to cart , Save to list 
Heinz Baked Beans In Ham Sauce Canned Breakfast Beans 220g,https://www.woolworths.com.au/shop/productdetails/36512/heinz-baked-beans-in-ham-sauce-canned-breakfast-beans,https://assets.woolworths.com.au/images/1005/36512.jpg?impolicy=wowsmkqiema&w=260&h=260,$2.00,$0.91 / 100G,,, Add to cart , Save to list 
Jade Phoenix Shiitake Mushrooms 100g,https://www.woolworths.com.au/shop/productdetails/364826/jade-phoenix-shiitake-mushrooms,https://assets.woolworths.com.au/images/1005/364826.jpg?impolicy=wowsmkqiema&w=260&h=260,$5.80,$58.00 / 1KG,,, Add to cart , Save to list 
Macro Natural Almond Spread 250g,https://www.woolworths.com.au/shop/productdetails/357265/macro-natural-almond-spread,https://assets.woolworths.com.au/images/1005/357265.jpg?impolicy=wowsmkqiema&w=260&h=260,$5.70,$2.28 / 100G,4.2,719, Add to cart , Save to list 
Woolworths Gherkins Sweet Spiced 500g,https://www.woolworths.com.au/shop/productdetails/18046/woolworths-gherkins-sweet-spiced,https://assets.woolworths.com.au/images/1005/18046.jpg?impolicy=wowsmkqiema&w=260&h=260,$1.85,$3.70 / 1KG,4.0,1095, Add to cart , Save to list 
Arkadia Chai Tea Spice 240g,https://www.woolworths.com.au/shop/productdetails/320238/arkadia-chai-tea-spice,https://assets.woolworths.com.au/images/1005/320238.jpg?impolicy=wowsmkqiema&w=260&h=260,$6.00,$2.50 / 100G,,, Add to cart , Save to list 
Continental Classics Cup A Soup Creamy Chicken & Corn Bigger Serve 35g,https://www.woolworths.com.au/shop/productdetails/19498/continental-classics-cup-a-soup-creamy-chicken-corn-bigger-serve,https://assets.woolworths.com.au/images/1005/19498.jpg?impolicy=wowsmkqiema&w=260&h=260,$2.50,$7.14 / 100G,,, Add to cart , Save to list 
Sunquick Ice Lollies Cola 10 Pack,https://www.woolworths.com.au/shop/productdetails/176677/sunquick-ice-lollies-cola,https://assets.woolworths.com.au/images/1005/176677.jpg?impolicy=wowsmkqiema&w=260&h=260,$6.00,$1.00 / 100ML,,, Add to cart , Save to list 
The Healthy Baker Self Raising Flour Easy Store 1kg,https://www.woolworths.com.au/shop/productdetails/230952/the-healthy-baker-self-raising-flour-easy-store,https://assets.woolworths.com.au/images/1005/230952.jpg?impolicy=wowsmkqiema&w=260&h=260,$3.25,$3.25 / 1KG,5.0,1, Add to cart , Save to list 
Vittoria Italian Nespresso Compatible Coffee Capsules Pack 10,https://www.woolworths.com.au/shop/productdetails/92150/vittoria-italian-nespresso-compatible-coffee-capsules,https://assets.woolworths.com.au/images/1005/92150.jpg?impolicy=wowsmkqiema&w=260&h=260,$5.50,$0.55 / 1EA,,, Add to cart , Save to list 
Golden Circle Tinned Corn Canned Vegetables Creamed Corn Tin 410g,https://www.woolworths.com.au/shop/productdetails/345857/golden-circle-tinned-corn-canned-vegetables-creamed-corn-tin,https://assets.woolworths.com.au/images/1005/345857.jpg?impolicy=wowsmkqiema&w=260&h=260,$1.90,$4.63 / 1KG,,, Add to cart , Save to list 
Masterfoods Creamy Chicken & Mushroom Simmer Sauce 490g,https://www.woolworths.com.au/shop/productdetails/764921/masterfoods-creamy-chicken-mushroom-simmer-sauce,https://assets.woolworths.com.au/images/1005/764921.jpg?impolicy=wowsmkqiema&w=260&h=260,$3.00,$0.61 / 100G,,, Add to cart , Save to list 
Nestle Bakers' Choice Milk Choc Bits Value Pack 375g,https://www.woolworths.com.au/shop/productdetails/490090/nestle-bakers-choice-milk-choc-bits-value-pack,https://assets.woolworths.com.au/images/1005/490090.jpg?impolicy=wowsmkqiema&w=260&h=260,$7.25,$1.93 / 100G,,, Add to cart , Save to list 
Sweet Baby Ray's Buffalo Wing Sauce And Glaze Each,https://www.woolworths.com.au/shop/productdetails/779290/sweet-baby-ray-s-buffalo-wing-sauce-and-glaze,https://assets.woolworths.com.au/images/1005/779290.jpg?impolicy=wowsmkqiema&w=260&h=260,$8.15,$1.72 / 100ML,,, Add to cart , Save to list 
Aeroplane Original Strawberry Flavoured Jelly 85g,https://www.woolworths.com.au/shop/productdetails/6089/aeroplane-original-strawberry-flavoured-jelly,https://assets.woolworths.com.au/images/1005/6089.jpg?impolicy=wowsmkqiema&w=260&h=260,$1.10,$1.29 / 100G,,, Add to cart , Save to list 
Continental Snack Pot Cheese & Bacon Pasta Serves 1 70g,https://www.woolworths.com.au/shop/productdetails/107521/continental-snack-pot-cheese-bacon-pasta-serves-1,https://assets.woolworths.com.au/images/1005/107521.jpg?impolicy=wowsmkqiema&w=260&h=260,$2.00,$2.86 / 100G,,, Add to cart , Save to list 
Sanitarium Up & Go Protein Energize Strawberry Breakfast Drink 6 Pack,https://www.woolworths.com.au/shop/productdetails/206404/sanitarium-up-go-protein-energize-strawberry-breakfast-drink,https://assets.woolworths.com.au/images/1005/206404.jpg?impolicy=wowsmkqiema&w=260&h=260,$10.50,$7.00 / 1L,,, Add to cart , Save to list 
Sashi's Secret Malaysian Chicken Curry Kit 350g,https://www.woolworths.com.au/shop/productdetails/70383/sashi-s-secret-malaysian-chicken-curry-kit,https://assets.woolworths.com.au/images/1005/70383.jpg?impolicy=wowsmkqiema&w=260&h=260,$6.00,$1.71 / 100G,,, Add to cart , Save to list 
Amy's Kitchen Soup Split Pea 400g,https://www.woolworths.com.au/shop/productdetails/303727/amy-s-kitchen-soup-split-pea,https://assets.woolworths.com.au/images/1005/303727.jpg?impolicy=wowsmkqiema&w=260&h=260,$3.90,$0.98 / 100G,,, Add to cart , Save to list 
Maharajah's Choice Plain Pappadam 100g,https://www.woolworths.com.au/shop/productdetails/3927/maharajah-s-choice-plain-pappadam-pappadams,https://assets.woolworths.com.au/images/1005/3927.jpg?impolicy=wowsmkqiema&w=260&h=260,$2.00,$2.00 / 100G,,, Add to cart , Save to list 
Mccormick Caribbean Style Street Food Seasoning 25g,https://www.woolworths.com.au/shop/productdetails/59123/mccormick-caribbean-style-street-food-seasoning,https://assets.woolworths.com.au/images/1005/59123.jpg?impolicy=wowsmkqiema&w=260&h=260,$2.50,$1.00 / 10G,,, Add to cart , Save to list 
Three Threes Sweet Sliced Beetroot 415g,https://www.woolworths.com.au/shop/productdetails/678605/three-threes-sweet-sliced-beetroot,https://assets.woolworths.com.au/images/1005/678605.jpg?impolicy=wowsmkqiema&w=260&h=260,$3.30,$7.95 / 1KG,,, Add to cart , Save to list 
Sunsol Low Sugar Macadamia Coconut & Dark Choc Muesli 400g,https://www.woolworths.com.au/shop/productdetails/189559/sunsol-low-sugar-macadamia-coconut-dark-choc-muesli,https://assets.woolworths.com.au/images/1005/189559.jpg?impolicy=wowsmkqiema&w=260&h=260,$7.00,$1.75 / 100G,,, Add to cart , Save to list 
Leggo's Pasta Bake With Three Cheese Sauce 500g,https://www.woolworths.com.au/shop/productdetails/680702/leggo-s-pasta-bake-with-three-cheese-sauce,https://assets.woolworths.com.au/images/1005/680702.jpg?impolicy=wowsmkqiema&w=260&h=260,$4.50,$0.90 / 100G,,, Add to cart , Save to list 
Aeroplane Original Lime Flavoured Jelly 85g,https://www.woolworths.com.au/shop/productdetails/6092/aeroplane-original-lime-flavoured-jelly,https://assets.woolworths.com.au/images/1005/6092.jpg?impolicy=wowsmkqiema&w=260&h=260,$1.10,$1.29 / 100G,,, Add to cart , Save to list 
La Zuppa Soup Pouch Thai Style Chicken & Coconut 540g,https://www.woolworths.com.au/shop/productdetails/782304/la-zuppa-soup-pouch-thai-style-chicken-coconut,https://assets.woolworths.com.au/images/1005/782304.jpg?impolicy=wowsmkqiema&w=260&h=260,$5.50,$1.02 / 100G,,, Add to cart , Save to list 
Obento Japanese Noodles Ramen 150g,https://www.woolworths.com.au/shop/productdetails/345113/obento-japanese-noodles-ramen,https://assets.woolworths.com.au/images/1005/345113.jpg?impolicy=wowsmkqiema&w=260&h=260,$1.00,$0.67 / 100G,,, Add to cart , Save to list 
San Remo Pasta Chickpea Spirals 250g,https://www.woolworths.com.au/shop/productdetails/619463/san-remo-pasta-chickpea-spirals,https://assets.woolworths.com.au/images/1005/619463.jpg?impolicy=wowsmkqiema&w=260&h=260,$3.50,$1.40 / 100G,,, Add to cart , Save to list 
White Wings Cupcake Mix Chocolate 410g,https://www.woolworths.com.au/shop/productdetails/307765/white-wings-cupcake-mix-chocolate,https://assets.woolworths.com.au/images/1005/307765.jpg?impolicy=wowsmkqiema&w=260&h=260,$5.00,$1.22 / 100G,,, Add to cart , Save to list 
Woolworths Cranberry Sauce 275g,https://www.woolworths.com.au/shop/productdetails/230513/woolworths-cranberry-sauce,https://assets.woolworths.com.au/images/1005/230513.jpg?impolicy=wowsmkqiema&w=260&h=260,$2.90,$1.05 / 100G,4.1,541, Add to cart , Save to list 
Woolworths Dried & Diced Apricots 200g,https://www.woolworths.com.au/shop/productdetails/89722/woolworths-dried-diced-apricots,https://assets.woolworths.com.au/images/1005/89722.jpg?impolicy=wowsmkqiema&w=260&h=260,$2.00,$10.00 / 1KG,,, Add to cart , Save to list 
Zafarelli Bucatini Pasta No 6 500g,https://www.woolworths.com.au/shop/productdetails/9015/zafarelli-bucatini-pasta-no-6,https://assets.woolworths.com.au/images/1005/9015.jpg?impolicy=wowsmkqiema&w=260&h=260,$1.85,$0.37 / 100G,,, Add to cart , Save to list 
Deep Cove Pink Salmon 105g,https://www.woolworths.com.au/shop/productdetails/129837/deep-cove-pink-salmon,https://assets.woolworths.com.au/images/1005/129837.jpg?impolicy=wowsmkqiema&w=260&h=260,$3.30,$31.43 / 1KG,3.1,970, Add to cart , Save to list 
F. Whitlock & Sons Chipotle Barbecue Bbq Sauce 250ml,https://www.woolworths.com.au/shop/productdetails/169076/f-whitlock-sons-chipotle-barbecue-bbq-sauce,https://assets.woolworths.com.au/images/1005/169076.jpg?impolicy=wowsmkqiema&w=260&h=260,$2.70,$1.08 / 100ML,,, Add to cart , Save to list 
Gravox Best Ever Hot Chip Gravy Pouch Liquid Gravy For Chips 165g,https://www.woolworths.com.au/shop/productdetails/720043/gravox-best-ever-hot-chip-gravy-pouch-liquid-gravy-for-chips,https://assets.woolworths.com.au/images/1005/720043.jpg?impolicy=wowsmkqiema&w=260&h=260,$3.50,$2.12 / 100G,,, Add to cart , Save to list 
Pandaroo Lite Coconut Milk 400ml,https://www.woolworths.com.au/shop/productdetails/189721/pandaroo-lite-coconut-milk,https://assets.woolworths.com.au/images/1005/189721.jpg?impolicy=wowsmkqiema&w=260&h=260,$1.65,$0.41 / 100ML,,, Add to cart , Save to list 
Masterfoods Shaker Fries Charcoal Chicken Flavour Seasoning 185g,https://www.woolworths.com.au/shop/productdetails/60864/masterfoods-shaker-fries-charcoal-chicken-flavour-seasoning,https://assets.woolworths.com.au/images/1005/60864.jpg?impolicy=wowsmkqiema&w=260&h=260,$3.50,$0.19 / 10G,,, Add to cart , Save to list 
Hoyts Paprika Sweet 190g,https://www.woolworths.com.au/shop/productdetails/57056/hoyts-paprika-sweet,https://assets.woolworths.com.au/images/1005/57056.jpg?impolicy=wowsmkqiema&w=260&h=260,$4.60,$0.24 / 10G,5.0,1, Add to cart , Save to list 
Vittoria Freeze Dried Instant Coffee Italian 100g,https://www.woolworths.com.au/shop/productdetails/159942/vittoria-freeze-dried-instant-coffee-italian,https://assets.woolworths.com.au/images/1005/159942.jpg?impolicy=wowsmkqiema&w=260&h=260,$12.50,$12.50 / 100G,,, Add to cart , Save to list 
Amy's Kitchen Organic Indian Golden Lentil Soup 408g,https://www.woolworths.com.au/shop/productdetails/857555/amy-s-kitchen-organic-indian-golden-lentil-soup,https://assets.woolworths.com.au/images/1005/857555.jpg?impolicy=wowsmkqiema&w=260&h=260,$3.90,$0.96 / 100G,,, Add to cart , Save to list 
Jamie Oliver Green Pesto 190g,https://www.woolworths.com.au/shop/productdetails/724084/jamie-oliver-green-pesto,https://assets.woolworths.com.au/images/1005/724084.jpg?impolicy=wowsmkqiema&w=260&h=260,,,5.0,1,, Save to list 
Obento Yakitori Sauce 250ml,https://www.woolworths.com.au/shop/productdetails/627748/obento-yakitori-sauce,https://assets.woolworths.com.au/images/1005/627748.jpg?impolicy=wowsmkqiema&w=260&h=260,$1.65,$0.66 / 100ML,,, Add to cart , Save to list 
Mr Chen's Hokkien Noodles 400g,https://www.woolworths.com.au/shop/productdetails/123586/mr-chen-s-hokkien-noodles,https://assets.woolworths.com.au/images/1005/123586.jpg?impolicy=wowsmkqiema&w=260&h=260,$1.85,$0.46 / 100G,,, Add to cart , Save to list 
Amoy Japanese Teriyaki Sauce 450ml,https://www.woolworths.com.au/shop/productdetails/519217/amoy-japanese-teriyaki-sauce,https://assets.woolworths.com.au/images/1005/519217.jpg?impolicy=wowsmkqiema&w=260&h=260,$8.50,$1.89 / 100ML,,, Add to cart , Save to list 
Old El Paso Veggie Soft Taco Kit Tortillas & Seasoning Mild 376g,https://www.woolworths.com.au/shop/productdetails/229822/old-el-paso-veggie-soft-taco-kit-tortillas-seasoning-mild,https://assets.woolworths.com.au/images/1005/229822.jpg?impolicy=wowsmkqiema&w=260&h=260,$5.25,$1.40 / 100G,,, Add to cart , Save to list 
Continental Classics Cup A Soup Asian Laksa Bigger Serve 51g,https://www.woolworths.com.au/shop/productdetails/19138/continental-classics-cup-a-soup-asian-laksa-bigger-serve,https://assets.woolworths.com.au/images/1005/19138.jpg?impolicy=wowsmkqiema&w=260&h=260,$2.50,$4.90 / 100G,,, Add to cart , Save to list 
Kellogg's Pop Tarts Frosted Chocotastic Toaster Pastries 384g,https://www.woolworths.com.au/shop/productdetails/87845/kelloggs-pop-tarts-frosted-chocotastic-toaster-pastries,https://assets.woolworths.com.au/images/1005/87845.jpg?impolicy=wowsmkqiema&w=260&h=260,$7.00,$1.82 / 100G,,, Add to cart , Save to list 
Macro Organic 4 Bean Mix No Added Salt 420g,https://www.woolworths.com.au/shop/productdetails/663583/macro-organic-4-bean-mix-no-added-salt,https://assets.woolworths.com.au/images/1005/663583.jpg?impolicy=wowsmkqiema&w=260&h=260,$1.50,$0.36 / 100G,4.1,820, Add to cart , Save to list 
Nerada Organic Chai Tea 50 Pack 93g,https://www.woolworths.com.au/shop/productdetails/262167/nerada-organic-chai-tea,https://assets.woolworths.com.au/images/1005/262167.jpg?impolicy=wowsmkqiema&w=260&h=260,$5.10,$0.10 / 1EA,,, Add to cart , Save to list 
Spc Apple & Strawberry Puree Cups 4 X 120g,https://www.woolworths.com.au/shop/productdetails/591733/spc-apple-strawberry-puree-cups,https://assets.woolworths.com.au/images/1005/591733.jpg?impolicy=wowsmkqiema&w=260&h=260,$4.50,$9.38 / 1KG,,, Add to cart , Save to list 
Barilla Napoletana Pasta Sauce 400g,https://www.woolworths.com.au/shop/productdetails/146359/barilla-napoletana-pasta-sauce-napoletana,https://assets.woolworths.com.au/images/1005/146359.jpg?impolicy=wowsmkqiema&w=260&h=260,$4.60,$1.15 / 100G,,, Add to cart , Save to list 
Cobram Estate Extra Virgin Olive Oil 3l,https://www.woolworths.com.au/shop/productdetails/260867/cobram-estate-extra-virgin-olive-oil,https://assets.woolworths.com.au/images/1005/260867.jpg?impolicy=wowsmkqiema&w=260&h=260,$52.00,$1.73 / 100ML,5.0,1, Add to cart , Save to list 
Leggos Providore Tomato & Chilli 400g,https://www.woolworths.com.au/shop/productdetails/957594/leggos-providore-tomato-chilli,https://assets.woolworths.com.au/images/1005/957594.jpg?impolicy=wowsmkqiema&w=260&h=260,$6.00,$1.50 / 100G,,, Add to cart , Save to list 
Praise Ranch Dressing Ranch 330ml,https://www.woolworths.com.au/shop/productdetails/354574/praise-ranch-dressing-ranch,https://assets.woolworths.com.au/images/1005/354574.jpg?impolicy=wowsmkqiema&w=260&h=260,$3.60,$1.09 / 100ML,,, Add to cart , Save to list 
"La Zuppa Soup Pouch Tomato, Capsicum & Basil 500g",https://www.woolworths.com.au/shop/productdetails/201339/la-zuppa-soup-pouch-tomato-capsicum-basil,https://assets.woolworths.com.au/images/1005/201339.jpg?impolicy=wowsmkqiema&w=260&h=260,$5.50,$1.10 / 100G,,, Add to cart , Save to list 
Birch & Waite Yoghurt Ranch Dressing & Dip 250ml,https://www.woolworths.com.au/shop/productdetails/118275/birch-waite-yoghurt-ranch-dressing-dip,https://assets.woolworths.com.au/images/1005/118275.jpg?impolicy=wowsmkqiema&w=260&h=260,$6.00,$2.40 / 100ML,,, Add to cart , Save to list 
Kellogg's All-bran High Fibre Breakfast Cereal 530g,https://www.woolworths.com.au/shop/productdetails/701676/kelloggs-all-bran-high-fibre-breakfast-cereal,https://assets.woolworths.com.au/images/1005/701676.jpg?impolicy=wowsmkqiema&w=260&h=260,$6.00,$1.13 / 100G,,, Add to cart , Save to list 
Hoyts Cloves Whole 15g,https://www.woolworths.com.au/shop/productdetails/94634/hoyts-cloves-whole,https://assets.woolworths.com.au/images/1005/94634.jpg?impolicy=wowsmkqiema&w=260&h=260,$2.00,$1.33 / 10G,,, Add to cart , Save to list 
Up&go Protein Energize Iced Coffee Flavour Breakfast Drink 250ml X12 Pack,https://www.woolworths.com.au/shop/productdetails/203759/up-go-protein-energize-iced-coffee-flavour-breakfast-drink,https://assets.woolworths.com.au/images/1005/203759.jpg?impolicy=wowsmkqiema&w=260&h=260,$15.80,$5.27 / 1L,,, Add to cart , Save to list 
Woolworths Fruit Salad In Juice 695g,https://www.woolworths.com.au/shop/productdetails/572475/woolworths-fruit-salad-in-juice,https://assets.woolworths.com.au/images/1005/572475.jpg?impolicy=wowsmkqiema&w=260&h=260,$3.70,$5.32 / 1KG,,, Add to cart , Save to list 
Always Fresh Medi Anchovy Fillets 100g,https://www.woolworths.com.au/shop/productdetails/929634/always-fresh-medi-anchovy-fillets,https://assets.woolworths.com.au/images/1005/929634.jpg?impolicy=wowsmkqiema&w=260&h=260,$5.50,$55.00 / 1KG,,, Add to cart , Save to list 
Mingle Better Tangy Tomato Sauce Pouch 250g,https://www.woolworths.com.au/shop/productdetails/170497/mingle-better-tangy-tomato-sauce-pouch,https://assets.woolworths.com.au/images/1005/170497.jpg?impolicy=wowsmkqiema&w=260&h=260,$4.95,$1.98 / 100G,,, Add to cart , Save to list 
Dollar Sweets Vanilla Extract 200ml,https://www.woolworths.com.au/shop/productdetails/147685/dollar-sweets-vanilla-extract,https://assets.woolworths.com.au/images/1005/147685.jpg?impolicy=wowsmkqiema&w=260&h=260,$10.00,$5.00 / 100ML,,, Add to cart , Save to list 
Gravox Supreme Roast Meat Gravy Mix 29g,https://www.woolworths.com.au/shop/productdetails/54769/gravox-supreme-roast-meat-gravy-mix-mix-supreme-roast-meat,https://assets.woolworths.com.au/images/1005/54769.jpg?impolicy=wowsmkqiema&w=260&h=260,$1.50,$0.52 / 10G,,, Add to cart , Save to list 
Bushells Blue Label Loose Leaf Tea 250g,https://www.woolworths.com.au/shop/productdetails/33804/bushells-blue-label-loose-leaf-tea,https://assets.woolworths.com.au/images/1005/33804.jpg?impolicy=wowsmkqiema&w=260&h=260,$3.30,$1.32 / 100G,,, Add to cart , Save to list 
Ritter Sport Sport Chocolate Milk Whole Hazlenut 100g,https://www.woolworths.com.au/shop/productdetails/305007/ritter-sport-sport-chocolate-milk-whole-hazlenut,https://assets.woolworths.com.au/images/1005/305007.jpg?impolicy=wowsmkqiema&w=260&h=260,$4.20,$4.20 / 100G,,, Add to cart , Save to list 
Kikkoman Thick Teriyaki Sauce Gluten Free 240g,https://www.woolworths.com.au/shop/productdetails/234226/kikkoman-thick-teriyaki-sauce-gluten-free,https://assets.woolworths.com.au/images/1005/234226.jpg?impolicy=wowsmkqiema&w=260&h=260,$2.40,$1.00 / 100G,,, Add to cart , Save to list 
Mug Shot Creamy Cheese Pasta 68g,https://www.woolworths.com.au/shop/productdetails/109137/mug-shot-creamy-cheese-pasta,https://assets.woolworths.com.au/images/1005/109137.jpg?impolicy=wowsmkqiema&w=260&h=260,$1.30,$1.91 / 100G,,, Add to cart , Save to list 
Bega Cream Cheese Spread Spread 500g,https://www.woolworths.com.au/shop/productdetails/781655/bega-cream-cheese-spread-spread,https://assets.woolworths.com.au/images/1005/781655.jpg?impolicy=wowsmkqiema&w=260&h=260,$7.00,$14.00 / 1KG,,, Add to cart , Save to list 
Gardener Apricot Jam 450g,https://www.woolworths.com.au/shop/productdetails/198504/gardener-apricot-jam,https://assets.woolworths.com.au/images/1005/198504.jpg?impolicy=wowsmkqiema&w=260&h=260,$1.90,$0.42 / 100G,3.9,1249, Add to cart , Save to list 
Moro Extra Virgin Olive Oil 1l,https://www.woolworths.com.au/shop/productdetails/83991/moro-extra-virgin-olive-oil,https://assets.woolworths.com.au/images/1005/83991.jpg?impolicy=wowsmkqiema&w=260&h=260,$18.00,$1.80 / 100ML,,, Add to cart , Save to list 
Valcom Paste Massaman Curry 210g,https://www.woolworths.com.au/shop/productdetails/82128/valcom-paste-massaman-curry,https://assets.woolworths.com.au/images/1005/82128.jpg?impolicy=wowsmkqiema&w=260&h=260,$3.40,$1.62 / 100G,,, Add to cart , Save to list 
Dole Premium Tropical Pineapple Slices In Juice 227g,https://www.woolworths.com.au/shop/productdetails/840785/dole-premium-tropical-pineapple-slices-in-juice,https://assets.woolworths.com.au/images/1005/840785.jpg?impolicy=wowsmkqiema&w=260&h=260,$2.10,$9.25 / 1KG,,, Add to cart , Save to list 
Continental Instant Mashed Potato Deb Mash 350g,https://www.woolworths.com.au/shop/productdetails/34118/continental-instant-mashed-potato-deb-mash,https://assets.woolworths.com.au/images/1005/34118.jpg?impolicy=wowsmkqiema&w=260&h=260,$6.00,$17.14 / 1KG,,, Add to cart , Save to list 
Moro Dressings Italian Glaze 118ml,https://www.woolworths.com.au/shop/productdetails/767044/moro-dressings-italian-glaze,https://assets.woolworths.com.au/images/1005/767044.jpg?impolicy=wowsmkqiema&w=260&h=260,$5.00,$4.24 / 100ML,,, Add to cart , Save to list 
Mission Naan Bread Plain 4 Pack 280g,https://www.woolworths.com.au/shop/productdetails/339435/mission-naan-bread-plain,https://assets.woolworths.com.au/images/1005/339435.jpg?impolicy=wowsmkqiema&w=260&h=260,$4.10,$1.46 / 100G,,, Add to cart , Save to list 
Fountain Sweet Chilli Sauce 250ml,https://www.woolworths.com.au/shop/productdetails/47106/fountain-sweet-chilli-sauce,https://assets.woolworths.com.au/images/1005/47106.jpg?impolicy=wowsmkqiema&w=260&h=260,$3.50,$1.40 / 100ML,,, Add to cart , Save to list 
Edgell Canned Edamame Beans Stir Fry Snack Packs 125g X4 Pack,https://www.woolworths.com.au/shop/productdetails/863919/edgell-canned-edamame-beans-stir-fry-snack-packs,https://assets.woolworths.com.au/images/1005/863919.jpg?impolicy=wowsmkqiema&w=260&h=260,$5.00,$1.00 / 100G,,, Add to cart , Save to list 
Woolworths Natural Choc And Vanilla Waffle Cones 12 Pack,https://www.woolworths.com.au/shop/productdetails/262824/woolworths-natural-choc-and-vanilla-waffle-cones,https://assets.woolworths.com.au/images/1005/262824.jpg?impolicy=wowsmkqiema&w=260&h=260,$3.50,$2.06 / 100G,4.6,441, Add to cart , Save to list 
Heinz Seriously Good Mayonnaise Garlic Aioli Mayo 500ml,https://www.woolworths.com.au/shop/productdetails/799459/heinz-seriously-good-mayonnaise-garlic-aioli-mayo,https://assets.woolworths.com.au/images/1005/799459.jpg?impolicy=wowsmkqiema&w=260&h=260,$6.50,$1.30 / 100ML,,, Add to cart , Save to list 
Equal Sweetener Tablets 600 Tablets,https://www.woolworths.com.au/shop/productdetails/807039/equal-sweetener-tablets,https://assets.woolworths.com.au/images/1005/807039.jpg?impolicy=wowsmkqiema&w=260&h=260,$13.00,$2.17 / 100EA,,, Add to cart , Save to list 
Mayver's Smooth Peanut Butter 375g,https://www.woolworths.com.au/shop/productdetails/781030/mayver-s-smooth-peanut-butter,https://assets.woolworths.com.au/images/1005/781030.jpg?impolicy=wowsmkqiema&w=260&h=260,$5.80,$1.55 / 100G,,, Add to cart , Save to list 
Nong Shim Shrimp Meat Chip Shrimp Meat Chips 75g,https://www.woolworths.com.au/shop/productdetails/258579/nong-shim-shrimp-meat-chip-shrimp-meat-chips,https://assets.woolworths.com.au/images/1005/258579.jpg?impolicy=wowsmkqiema&w=260&h=260,$2.80,$3.73 / 100G,,, Add to cart , Save to list 
Uncle Tobys Oats Quick Sachets Big Bowl Original Porridge 368g,https://www.woolworths.com.au/shop/productdetails/148281/uncle-tobys-oats-quick-sachets-big-bowl-original-porridge,https://assets.woolworths.com.au/images/1005/148281.jpg?impolicy=wowsmkqiema&w=260&h=260,$6.50,$1.77 / 100G,,, Add to cart , Save to list 
Kellogg's Crunchy Nut Corn Flakes Breakfast Cereal 640g,https://www.woolworths.com.au/shop/productdetails/202915/kelloggs-crunchy-nut-corn-flakes-breakfast-cereal,https://assets.woolworths.com.au/images/1005/202915.jpg?impolicy=wowsmkqiema&w=260&h=260,$9.50,$1.48 / 100G,5.0,1, Add to cart , Save to list 
Mazzetti Vinegar Balsamic Vintage 4 Leaf 250ml,https://www.woolworths.com.au/shop/productdetails/224075/mazzetti-vinegar-balsamic-vintage-4-leaf,https://assets.woolworths.com.au/images/1005/224075.jpg?impolicy=wowsmkqiema&w=260&h=260,$6.80,$2.72 / 100ML,,, Add to cart , Save to list 
Masterfoods Harissa Middle Eastern Spice Blend 37g,https://www.woolworths.com.au/shop/productdetails/371816/masterfoods-harissa-middle-eastern-spice-blend,https://assets.woolworths.com.au/images/1005/371816.jpg?impolicy=wowsmkqiema&w=260&h=260,$4.30,$1.16 / 10G,,, Add to cart , Save to list 
San Remo Curls Pasta No 27 500g,https://www.woolworths.com.au/shop/productdetails/98549/san-remo-curls-pasta-no-27,https://assets.woolworths.com.au/images/1005/98549.jpg?impolicy=wowsmkqiema&w=260&h=260,$2.95,$0.59 / 100G,,, Add to cart , Save to list 
Cottee's Ice Magic Choc Mint Ice Cream Topping 220g,https://www.woolworths.com.au/shop/productdetails/33279/cottees-ice-magic-choc-mint-ice-cream-topping,https://assets.woolworths.com.au/images/1005/33279.jpg?impolicy=wowsmkqiema&w=260&h=260,$4.50,$2.05 / 100G,,, Add to cart , Save to list 
Dairylea Cheddar Cheese 250g,https://www.woolworths.com.au/shop/productdetails/33497/dairylea-cheddar-cheese,https://assets.woolworths.com.au/images/1005/33497.jpg?impolicy=wowsmkqiema&w=260&h=260,$4.30,$17.20 / 1KG,,, Add to cart , Save to list 
La Zuppa Microwave Soup Thai Style Curry Laksa 420g,https://www.woolworths.com.au/shop/productdetails/782301/la-zuppa-microwave-soup-thai-style-curry-laksa,https://assets.woolworths.com.au/images/1005/782301.jpg?impolicy=wowsmkqiema&w=260&h=260,$4.60,$1.10 / 100G,,, Add to cart , Save to list 
Continental Simmer Soup Dutch Curry & Rice 70g,https://www.woolworths.com.au/shop/productdetails/34392/continental-simmer-soup-dutch-curry-rice,https://assets.woolworths.com.au/images/1005/34392.jpg?impolicy=wowsmkqiema&w=260&h=260,$1.70,$2.43 / 100G,,, Add to cart , Save to list 
Tunnocks Snacks Caramel Wafer 8 Pack 240g,https://www.woolworths.com.au/shop/productdetails/49486/tunnocks-snacks-caramel-wafer,https://assets.woolworths.com.au/images/1005/49486.jpg?impolicy=wowsmkqiema&w=260&h=260,$6.70,$2.79 / 100G,,, Add to cart , Save to list 
Bega Peanut Butter Crunchy 375g,https://www.woolworths.com.au/shop/productdetails/33604/bega-peanut-butter-crunchy,https://assets.woolworths.com.au/images/1005/33604.jpg?impolicy=wowsmkqiema&w=260&h=260,$4.30,$1.15 / 100G,,, Add to cart , Save to list 
Dollar Sweets Colours Of The Rainbow Sprinkles 159g,https://www.woolworths.com.au/shop/productdetails/210532/dollar-sweets-colours-of-the-rainbow-sprinkles,https://assets.woolworths.com.au/images/1005/210532.jpg?impolicy=wowsmkqiema&w=260&h=260,$6.50,$4.09 / 100G,,, Add to cart , Save to list 
Woolworths Sunflower Oil 750ml,https://www.woolworths.com.au/shop/productdetails/62000/woolworths-sunflower-oil,https://assets.woolworths.com.au/images/1005/62000.jpg?impolicy=wowsmkqiema&w=260&h=260,$4.50,$0.60 / 100ML,4.4,133, Add to cart , Save to list 
Nescafe Blend 43 Instant Coffee Jar 150g,https://www.woolworths.com.au/shop/productdetails/33835/nescafe-blend-43-instant-coffee-jar,https://assets.woolworths.com.au/images/1005/33835.jpg?impolicy=wowsmkqiema&w=260&h=260,$11.50,$7.67 / 100G,5.0,1, Add to cart , Save to list 
Three Threes Fruit Sauce Apple 250g,https://www.woolworths.com.au/shop/productdetails/69528/three-threes-fruit-sauce-apple,https://assets.woolworths.com.au/images/1005/69528.jpg?impolicy=wowsmkqiema&w=260&h=260,$2.90,$1.16 / 100G,,, Add to cart , Save to list 
Leggo's Organic Tomato & Basil Pasta Sauce 500g,https://www.woolworths.com.au/shop/productdetails/148877/leggo-s-organic-tomato-basil-pasta-sauce,https://assets.woolworths.com.au/images/1005/148877.jpg?impolicy=wowsmkqiema&w=260&h=260,$5.00,$1.00 / 100G,,, Add to cart , Save to list 
Vittoria Espressotoria Oro Coffee Capsules 12 Pack,https://www.woolworths.com.au/shop/productdetails/829320/vittoria-espressotoria-oro-coffee-capsules,https://assets.woolworths.com.au/images/1005/829320.jpg?impolicy=wowsmkqiema&w=260&h=260,$10.00,$0.83 / 1EA,,, Add to cart , Save to list 
Bonsoy Almond Milk 1l,https://www.woolworths.com.au/shop/productdetails/85169/bonsoy-almond-milk,https://assets.woolworths.com.au/images/1005/85169.jpg?impolicy=wowsmkqiema&w=260&h=260,$4.80,$4.80 / 1L,,, Add to cart , Save to list 
Maggi Fusian Soupy Noodles Thai Tom Yum 5 Pack,https://www.woolworths.com.au/shop/productdetails/84956/maggi-fusian-soupy-noodles-thai-tom-yum,https://assets.woolworths.com.au/images/1005/84956.jpg?impolicy=wowsmkqiema&w=260&h=260,$4.00,$1.00 / 100G,,, Add to cart , Save to list 
Australia's Own Barista Macadamia Milk 1l,https://www.woolworths.com.au/shop/productdetails/106509/australia-s-own-barista-macadamia-milk,https://assets.woolworths.com.au/images/1005/106509.jpg?impolicy=wowsmkqiema&w=260&h=260,$3.60,$3.60 / 1L,,, Add to cart , Save to list 
Masterfoods Schnitzel Mix Classic 80g,https://www.woolworths.com.au/shop/productdetails/699318/masterfoods-schnitzel-mix-classic,https://assets.woolworths.com.au/images/1005/699318.jpg?impolicy=wowsmkqiema&w=260&h=260,$2.00,$0.25 / 10G,,, Add to cart , Save to list 
Mutti Parma Double Concentrated Tomato Paste 2 Pack,https://www.woolworths.com.au/shop/productdetails/81641/mutti-parma-double-concentrated-tomato-paste,https://assets.woolworths.com.au/images/1005/81641.jpg?impolicy=wowsmkqiema&w=260&h=260,$3.70,$1.32 / 100G,,, Add to cart , Save to list 
Tcc Coconut Milk Lite 400ml,https://www.woolworths.com.au/shop/productdetails/58926/tcc-coconut-milk-lite,https://assets.woolworths.com.au/images/1005/58926.jpg?impolicy=wowsmkqiema&w=260&h=260,$2.30,$0.58 / 100ML,,, Add to cart , Save to list 
Heinz Baked Beans Canned Bean Salt Reduced Breakfast Toast 120g,https://www.woolworths.com.au/shop/productdetails/46307/heinz-baked-beans-canned-bean-salt-reduced-breakfast-toast,https://assets.woolworths.com.au/images/1005/46307.jpg?impolicy=wowsmkqiema&w=260&h=260,$1.80,$1.38 / 100G,,, Add to cart , Save to list 
San Remo Cannelloni 250g,https://www.woolworths.com.au/shop/productdetails/543758/san-remo-cannelloni,https://assets.woolworths.com.au/images/1005/543758.jpg?impolicy=wowsmkqiema&w=260&h=260,$3.00,$1.20 / 100G,,, Add to cart , Save to list 
Three Threes Sweet Mustard Pickles 250g,https://www.woolworths.com.au/shop/productdetails/34497/three-threes-sweet-mustard-pickles,https://assets.woolworths.com.au/images/1005/34497.jpg?impolicy=wowsmkqiema&w=260&h=260,$2.00,$8.00 / 1KG,,, Add to cart , Save to list 
Woolworths Australian Quick Oats 1.5kg,https://www.woolworths.com.au/shop/productdetails/196294/woolworths-australian-quick-oats,https://assets.woolworths.com.au/images/1005/196294.jpg?impolicy=wowsmkqiema&w=260&h=260,$2.60,$0.17 / 100G,4.7,729, Add to cart , Save to list 
Aeroplane Original Orange Flavoured Jelly 85g,https://www.woolworths.com.au/shop/productdetails/6081/aeroplane-original-orange-flavoured-jelly,https://assets.woolworths.com.au/images/1005/6081.jpg?impolicy=wowsmkqiema&w=260&h=260,$1.10,$1.29 / 100G,,, Add to cart , Save to list 
Campbell's Real Stock Fish Liquid Stock 500ml,https://www.woolworths.com.au/shop/productdetails/749857/campbell-s-real-stock-fish-liquid-stock,https://assets.woolworths.com.au/images/1005/749857.jpg?impolicy=wowsmkqiema&w=260&h=260,$2.75,$0.55 / 100ML,,, Add to cart , Save to list 
Maggi Fusian 2 Minute Instant Mi Goreng Noodle Hot & Spicy Cup 65g,https://www.woolworths.com.au/shop/productdetails/700019/maggi-fusian-2-minute-instant-mi-goreng-noodle-hot-spicy-cup,https://assets.woolworths.com.au/images/1005/700019.jpg?impolicy=wowsmkqiema&w=260&h=260,$1.50,$2.31 / 100G,,, Add to cart , Save to list 
The Healthy Baker Plain Flour Easy Store 1kg,https://www.woolworths.com.au/shop/productdetails/230949/the-healthy-baker-plain-flour-easy-store,https://assets.woolworths.com.au/images/1005/230949.jpg?impolicy=wowsmkqiema&w=260&h=260,$3.25,$3.25 / 1KG,,, Add to cart , Save to list 
Barilla Arrabbiata Pasta Sauce 400g,https://www.woolworths.com.au/shop/productdetails/78934/barilla-arrabbiata-pasta-sauce-arrabbiata-chilli,https://assets.woolworths.com.au/images/1005/78934.jpg?impolicy=wowsmkqiema&w=260&h=260,$4.60,$1.15 / 100G,,, Add to cart , Save to list 
Cobram Estate Classic Extra Virgin Olive Oil 750ml,https://www.woolworths.com.au/shop/productdetails/237418/cobram-estate-classic-extra-virgin-olive-oil,https://assets.woolworths.com.au/images/1005/237418.jpg?impolicy=wowsmkqiema&w=260&h=260,$18.00,$2.40 / 100ML,,, Add to cart , Save to list 
Heinz Baked Beans Tinned Beans In Tomato Sauce Breakfast 220g,https://www.woolworths.com.au/shop/productdetails/34037/heinz-baked-beans-tinned-beans-in-tomato-sauce-breakfast,https://assets.woolworths.com.au/images/1005/34037.jpg?impolicy=wowsmkqiema&w=260&h=260,$2.00,$0.91 / 100G,,, Add to cart , Save to list 
Snacktacular Fruity Pouch Fruit Puree Apple & Mango 4 Pack,https://www.woolworths.com.au/shop/productdetails/97491/snacktacular-fruity-pouch-fruit-puree-apple-mango,https://assets.woolworths.com.au/images/1005/97491.jpg?impolicy=wowsmkqiema&w=260&h=260,$4.00,$11.11 / 1KG,,, Add to cart , Save to list 
Leggo's Tomato Paste Triple Concentrate Sachets 4x50g,https://www.woolworths.com.au/shop/productdetails/115012/leggo-s-tomato-paste-triple-concentrate-sachets,https://assets.woolworths.com.au/images/1005/115012.jpg?impolicy=wowsmkqiema&w=260&h=260,$3.00,$1.50 / 100G,,, Add to cart , Save to list 
Nescafe Coffee Sachets Cappuccino 26 Pack,https://www.woolworths.com.au/shop/productdetails/549559/nescafe-coffee-sachets-cappuccino-cappucino,https://assets.woolworths.com.au/images/1005/549559.jpg?impolicy=wowsmkqiema&w=260&h=260,$11.00,$0.42 / 1EA,,, Add to cart , Save to list 
Buontempo Gluten Free Pasta Spirals 600g,https://www.woolworths.com.au/shop/productdetails/188832/buontempo-gluten-free-pasta-spirals,https://assets.woolworths.com.au/images/1005/188832.jpg?impolicy=wowsmkqiema&w=260&h=260,$4.80,$0.80 / 100G,,, Add to cart , Save to list 
Kraft Easy Mac & Cheese Macaroni Pasta Classic Cheese Bowl 73g,https://www.woolworths.com.au/shop/productdetails/260783/kraft-easy-mac-cheese-macaroni-pasta-classic-cheese-bowl,https://assets.woolworths.com.au/images/1005/260783.jpg?impolicy=wowsmkqiema&w=260&h=260,$2.80,$3.84 / 100G,,, Add to cart , Save to list 
Maggi Multipack Instant Cups Noodle Chicken 4 Pack,https://www.woolworths.com.au/shop/productdetails/246590/maggi-multipack-instant-cups-noodle-chicken,https://assets.woolworths.com.au/images/1005/246590.jpg?impolicy=wowsmkqiema&w=260&h=260,$8.00,$3.33 / 100G,,, Add to cart , Save to list 
Nescafe Coffee Sachets Cappuccino 10 Pack,https://www.woolworths.com.au/shop/productdetails/195108/nescafe-coffee-sachets-cappuccino-cappuccino,https://assets.woolworths.com.au/images/1005/195108.jpg?impolicy=wowsmkqiema&w=260&h=260,$7.60,$0.76 / 1EA,,, Add to cart , Save to list 
Yoosh Aloe Vera Drink 500ml,https://www.woolworths.com.au/shop/productdetails/254441/yoosh-aloe-vera-drink,https://assets.woolworths.com.au/images/1005/254441.jpg?impolicy=wowsmkqiema&w=260&h=260,$2.30,$4.60 / 1L,,, Add to cart , Save to list 
Betty Crocker Vanilla Frosting 400g,https://www.woolworths.com.au/shop/productdetails/680971/betty-crocker-vanilla-frosting,https://assets.woolworths.com.au/images/1005/680971.jpg?impolicy=wowsmkqiema&w=260&h=260,$4.50,$1.13 / 100G,,, Add to cart , Save to list 
Praise Dressings Greek 330ml,https://www.woolworths.com.au/shop/productdetails/354579/praise-dressings-greek,https://assets.woolworths.com.au/images/1005/354579.jpg?impolicy=wowsmkqiema&w=260&h=260,$3.60,$1.09 / 100ML,,, Add to cart , Save to list 
Uncle Tobys Cheerios Breakfast Cereal 960g,https://www.woolworths.com.au/shop/productdetails/207095/uncle-tobys-cheerios-breakfast-cereal,https://assets.woolworths.com.au/images/1005/207095.jpg?impolicy=wowsmkqiema&w=260&h=260,$8.50,$0.89 / 100G,,, Add to cart , Save to list 
Woolworths Chicken Pad Thai With Rice Noodles 350g,https://www.woolworths.com.au/shop/productdetails/825620/woolworths-chicken-pad-thai-with-rice-noodles,https://assets.woolworths.com.au/images/1005/825620.jpg?impolicy=wowsmkqiema&w=260&h=260,,,2.7,972,, Save to list 
Woolworths Flavoured Instant Gravy Chicken 120g,https://www.woolworths.com.au/shop/productdetails/250675/woolworths-flavoured-instant-gravy-chicken,https://assets.woolworths.com.au/images/1005/250675.jpg?impolicy=wowsmkqiema&w=260&h=260,$2.10,$0.18 / 10G,3.7,537, Add to cart , Save to list 
Old El Paso Chunky Salsa Dip Hot 312g,https://www.woolworths.com.au/shop/productdetails/230731/old-el-paso-chunky-salsa-dip-hot,https://assets.woolworths.com.au/images/1005/230731.jpg?impolicy=wowsmkqiema&w=260&h=260,$4.00,$1.28 / 100G,,, Add to cart , Save to list 
Heinz Beanz Baked Beans No Added Sugar Multipack 300g X3 Pack,https://www.woolworths.com.au/shop/productdetails/93420/heinz-beanz-baked-beans-no-added-sugar-multipack,https://assets.woolworths.com.au/images/1005/93420.jpg?impolicy=wowsmkqiema&w=260&h=260,$5.40,$0.60 / 100G,,, Add to cart , Save to list 
Woolworths Teriyaki Chicken With Rice Chicken With Rice 350g,https://www.woolworths.com.au/shop/productdetails/147838/woolworths-teriyaki-chicken-with-rice-chicken-with-rice,https://assets.woolworths.com.au/images/1005/147838.jpg?impolicy=wowsmkqiema&w=260&h=260,$3.20,$0.91 / 100G,2.9,1041, Add to cart , Save to list 
Indomie Hot & Spicy Noodles 5pk 400g,https://www.woolworths.com.au/shop/productdetails/742102/indomie-hot-spicy-noodles-5pk,https://assets.woolworths.com.au/images/1005/742102.jpg?impolicy=wowsmkqiema&w=260&h=260,$3.95,$0.99 / 100G,,, Add to cart , Save to list 
Minor Figures Minor Figures Barista Oat Uht Organic Milk 1l,https://www.woolworths.com.au/shop/productdetails/155063/minor-figures-barista-oat-uht-organic-milk,https://assets.woolworths.com.au/images/1005/155063.jpg?impolicy=wowsmkqiema&w=260&h=260,$4.90,$4.90 / 1L,,, Add to cart , Save to list 
Natural Black Peppercorn Ceramic Grinder 50g,https://www.woolworths.com.au/shop/productdetails/197121/natural-black-peppercorn-ceramic-grinder,https://assets.woolworths.com.au/images/1005/197121.jpg?impolicy=wowsmkqiema&w=260&h=260,$4.50,$0.90 / 10G,,, Add to cart , Save to list 
Fantastic Cup Noodles Chicken 6 Pack,https://www.woolworths.com.au/shop/productdetails/637154/fantastic-cup-noodles-chicken,https://assets.woolworths.com.au/images/1005/637154.jpg?impolicy=wowsmkqiema&w=260&h=260,$7.50,$1.79 / 100G,,, Add to cart , Save to list 
Nando's Perinaise Mild Peri-peri Mayonnaise Sauce 265g,https://www.woolworths.com.au/shop/productdetails/473746/nando-s-perinaise-mild-peri-peri-mayonnaise-sauce,https://assets.woolworths.com.au/images/1005/473746.jpg?impolicy=wowsmkqiema&w=260&h=260,$4.80,$1.81 / 100G,,, Add to cart , Save to list 
Sandhurst Capsicum Chargrilled 260g,https://www.woolworths.com.au/shop/productdetails/64075/sandhurst-capsicum-chargrilled,https://assets.woolworths.com.au/images/1005/64075.jpg?impolicy=wowsmkqiema&w=260&h=260,$5.00,$19.23 / 1KG,,, Add to cart , Save to list 
Sanitarium Up&go Liquid Breakfast No Added Sugar Vanilla Ice 250ml X3 Pack,https://www.woolworths.com.au/shop/productdetails/79124/sanitarium-up-go-liquid-breakfast-no-added-sugar-vanilla-ice,https://assets.woolworths.com.au/images/1005/79124.jpg?impolicy=wowsmkqiema&w=260&h=260,$5.60,$7.47 / 1L,,, Add to cart , Save to list 
Krummies Breadcrumbs 375g,https://www.woolworths.com.au/shop/productdetails/36440/krummies-breadcrumbs,https://assets.woolworths.com.au/images/1005/36440.jpg?impolicy=wowsmkqiema&w=260&h=260,$3.00,$0.80 / 100G,2.0,1, Add to cart , Save to list 
Aeroplane Original Berry Blue Flavoured Jelly 85g,https://www.woolworths.com.au/shop/productdetails/6086/aeroplane-original-berry-blue-flavoured-jelly,https://assets.woolworths.com.au/images/1005/6086.jpg?impolicy=wowsmkqiema&w=260&h=260,$1.10,$1.29 / 100G,,, Add to cart , Save to list 
Belvita Breakfast Duo Crunch Choc Hazelnut Flavoured Biscuits 5 Pack,https://www.woolworths.com.au/shop/productdetails/54839/belvita-breakfast-duo-crunch-choc-hazelnut-flavoured-biscuits,https://assets.woolworths.com.au/images/1005/54839.jpg?impolicy=wowsmkqiema&w=260&h=260,$3.50,$1.38 / 100G,,, Add to cart , Save to list 
Dollar Sweets Assorted Large Patty Pans 100 Pack,https://www.woolworths.com.au/shop/productdetails/147733/dollar-sweets-assorted-large-patty-pans,https://assets.woolworths.com.au/images/1005/147733.jpg?impolicy=wowsmkqiema&w=260&h=260,$3.00,$0.03 / 1EA,,, Add to cart , Save to list 
Macro Pitted Dates 500g,https://www.woolworths.com.au/shop/productdetails/355158/macro-pitted-dates,https://assets.woolworths.com.au/images/1005/355158.jpg?impolicy=wowsmkqiema&w=260&h=260,$3.40,$6.80 / 1KG,4.4,666, Add to cart , Save to list 
S&w Mayonnaise Whole Egg 880g,https://www.woolworths.com.au/shop/productdetails/293959/s-w-mayonnaise-whole-egg,https://assets.woolworths.com.au/images/1005/293959.jpg?impolicy=wowsmkqiema&w=260&h=260,$12.00,$1.36 / 100G,5.0,1, Add to cart , Save to list 
Berri Quelch Fruit Combos Ice Blocks 24x70ml,https://www.woolworths.com.au/shop/productdetails/252676/berri-quelch-fruit-combos-ice-blocks,https://assets.woolworths.com.au/images/1005/252676.jpg?impolicy=wowsmkqiema&w=260&h=260,,,,,, Save to list 
Cornwell's Organic Apple Cider Vinegar 500ml,https://www.woolworths.com.au/shop/productdetails/694836/cornwell-s-organic-apple-cider-vinegar,https://assets.woolworths.com.au/images/1005/694836.jpg?impolicy=wowsmkqiema&w=260&h=260,$4.80,$0.96 / 100ML,,, Add to cart , Save to list 
Mazzetti Vinegar Balsamic Glaze 215ml,https://www.woolworths.com.au/shop/productdetails/233996/mazzetti-vinegar-balsamic-glaze,https://assets.woolworths.com.au/images/1005/233996.jpg?impolicy=wowsmkqiema&w=260&h=260,$7.00,$3.26 / 100ML,,, Add to cart , Save to list 
Vittoria Espressotoria Latte Coffee Capsules 12 Pack,https://www.woolworths.com.au/shop/productdetails/115082/vittoria-espressotoria-latte-coffee-capsules,https://assets.woolworths.com.au/images/1005/115082.jpg?impolicy=wowsmkqiema&w=260&h=260,$10.00,$0.83 / 1EA,,, Add to cart , Save to list 
Hoyts Mixed Spice 25g,https://www.woolworths.com.au/shop/productdetails/94641/hoyts-mixed-spice,https://assets.woolworths.com.au/images/1005/94641.jpg?impolicy=wowsmkqiema&w=260&h=260,$1.75,$0.70 / 10G,,, Add to cart , Save to list 
Mae Ploy Salad Dressing Thai Style 285ml,https://www.woolworths.com.au/shop/productdetails/275128/mae-ploy-salad-dressing-thai-style,https://assets.woolworths.com.au/images/1005/275128.jpg?impolicy=wowsmkqiema&w=260&h=260,$2.10,$0.74 / 100ML,,, Add to cart , Save to list 
Woolworths Chicken Salt 400g,https://www.woolworths.com.au/shop/productdetails/73717/woolworths-chicken-salt,https://assets.woolworths.com.au/images/1005/73717.jpg?impolicy=wowsmkqiema&w=260&h=260,$4.00,$0.10 / 10G,3.6,626, Add to cart , Save to list 
Woolworths Herring Fillets In Tomato Sauce 200g,https://www.woolworths.com.au/shop/productdetails/873020/woolworths-herring-fillets-in-tomato-sauce,https://assets.woolworths.com.au/images/1005/873020.jpg?impolicy=wowsmkqiema&w=260&h=260,$2.00,$10.00 / 1KG,3.8,542, Add to cart , Save to list 
Pana Organic Hazelnut & Chocolate Spread 200g,https://www.woolworths.com.au/shop/productdetails/95117/pana-organic-hazelnut-chocolate-spread,https://assets.woolworths.com.au/images/1005/95117.jpg?impolicy=wowsmkqiema&w=260&h=260,$4.50,$2.25 / 100G,,, Add to cart , Save to list 
Golden Circle Australian Canned Fruit Tinned Pineapple Slices In Juice 440g,https://www.woolworths.com.au/shop/productdetails/33437/golden-circle-australian-canned-fruit-tinned-pineapple-slices-in-juice,https://assets.woolworths.com.au/images/1005/33437.jpg?impolicy=wowsmkqiema&w=260&h=260,$4.40,$10.00 / 1KG,,, Add to cart , Save to list 
Praise Deli Style Balsamic & Roasted Garlic 250ml,https://www.woolworths.com.au/shop/productdetails/635758/praise-deli-style-balsamic-roasted-garlic,https://assets.woolworths.com.au/images/1005/635758.jpg?impolicy=wowsmkqiema&w=260&h=260,$3.80,$1.52 / 100ML,,, Add to cart , Save to list 
Ayam Honey & Soy Marinade Sauce 210ml,https://www.woolworths.com.au/shop/productdetails/370454/ayam-honey-soy-marinade-sauce,https://assets.woolworths.com.au/images/1005/370454.jpg?impolicy=wowsmkqiema&w=260&h=260,$4.00,$1.90 / 100ML,,, Add to cart , Save to list 
Edgell Beans Cannellini 400g,https://www.woolworths.com.au/shop/productdetails/732240/edgell-beans-cannellini,https://assets.woolworths.com.au/images/1005/732240.jpg?impolicy=wowsmkqiema&w=260&h=260,$1.50,$0.38 / 100G,,, Add to cart , Save to list 
Hoyts Mixed Herbs 25g,https://www.woolworths.com.au/shop/productdetails/94640/hoyts-mixed-herbs,https://assets.woolworths.com.au/images/1005/94640.jpg?impolicy=wowsmkqiema&w=260&h=260,$1.95,$0.78 / 10G,,, Add to cart , Save to list 
Red Island Extra Virgin Olive Oil 3l,https://www.woolworths.com.au/shop/productdetails/321601/red-island-extra-virgin-olive-oil,https://assets.woolworths.com.au/images/1005/321601.jpg?impolicy=wowsmkqiema&w=260&h=260,$35.00,$1.17 / 100ML,,, Add to cart , Save to list 
Dolmio 7 Vegetable Mediterranean Style Pasta Sauce 500g,https://www.woolworths.com.au/shop/productdetails/231663/dolmio-7-vegetable-mediterranean-style-pasta-sauce,https://assets.woolworths.com.au/images/1005/231663.jpg?impolicy=wowsmkqiema&w=260&h=260,$3.50,$0.70 / 100G,,, Add to cart , Save to list 
Kewpie Mayonnaise 50% Reduced Fat 300g,https://www.woolworths.com.au/shop/productdetails/236716/kewpie-mayonnaise-50-reduced-fat,https://assets.woolworths.com.au/images/1005/236716.jpg?impolicy=wowsmkqiema&w=260&h=260,$3.80,$1.27 / 100G,,, Add to cart , Save to list 
Mama Pho Tom Yum Noodle Bowl 70g,https://www.woolworths.com.au/shop/productdetails/680786/mama-pho-tom-yum-noodle-bowl,https://assets.woolworths.com.au/images/1005/680786.jpg?impolicy=wowsmkqiema&w=260&h=260,$2.90,$4.14 / 100G,,, Add to cart , Save to list 
Dole Premium Crushed Pineapple 432g,https://www.woolworths.com.au/shop/productdetails/841337/dole-premium-crushed-pineapple,https://assets.woolworths.com.au/images/1005/841337.jpg?impolicy=wowsmkqiema&w=260&h=260,$3.00,$6.94 / 1KG,,, Add to cart , Save to list 
Kohinoor Exotic Basmati Rice 5kg,https://www.woolworths.com.au/shop/productdetails/202907/kohinoor-exotic-basmati-rice,https://assets.woolworths.com.au/images/1005/202907.jpg?impolicy=wowsmkqiema&w=260&h=260,$26.00,$0.52 / 100G,,, Add to cart , Save to list 
Macro Organic Gluten Free Spirals 350g,https://www.woolworths.com.au/shop/productdetails/69092/macro-organic-gluten-free-spirals,https://assets.woolworths.com.au/images/1005/69092.jpg?impolicy=wowsmkqiema&w=260&h=260,$3.70,$1.06 / 100G,4.2,1056, Add to cart , Save to list 
Beerenberg Tomato Chutney 260g,https://www.woolworths.com.au/shop/productdetails/3151/beerenberg-tomato-chutney,https://assets.woolworths.com.au/images/1005/3151.jpg?impolicy=wowsmkqiema&w=260&h=260,$5.50,$2.12 / 100G,,, Add to cart , Save to list 
Sanitarium Crunchy Peanut Butter 500g,https://www.woolworths.com.au/shop/productdetails/215948/sanitarium-crunchy-peanut-butter,https://assets.woolworths.com.au/images/1005/215948.jpg?impolicy=wowsmkqiema&w=260&h=260,$4.00,$0.80 / 100G,,, Add to cart , Save to list 
Ayam Paste Thai Red Curry 195g,https://www.woolworths.com.au/shop/productdetails/243694/ayam-paste-thai-red-curry,https://assets.woolworths.com.au/images/1005/243694.jpg?impolicy=wowsmkqiema&w=260&h=260,$4.00,$2.05 / 100G,,, Add to cart , Save to list 
Mr Chen's Soy Sauce Reduced Salt 250ml,https://www.woolworths.com.au/shop/productdetails/234605/mr-chen-s-soy-sauce-reduced-salt,https://assets.woolworths.com.au/images/1005/234605.jpg?impolicy=wowsmkqiema&w=260&h=260,$2.25,$0.90 / 100ML,,, Add to cart , Save to list 
Chang's Crunchy Noodles Noodles 100g,https://www.woolworths.com.au/shop/productdetails/91119/chang-s-crunchy-noodles-noodles,https://assets.woolworths.com.au/images/1005/91119.jpg?impolicy=wowsmkqiema&w=260&h=260,$1.10,$1.10 / 100G,,, Add to cart , Save to list 
Hoyts Oregano 25g,https://www.woolworths.com.au/shop/productdetails/94612/hoyts-oregano,https://assets.woolworths.com.au/images/1005/94612.jpg?impolicy=wowsmkqiema&w=260&h=260,$2.00,$0.80 / 10G,,, Add to cart , Save to list 
Macro Organic Pinto Beans 420g,https://www.woolworths.com.au/shop/productdetails/70433/macro-organic-pinto-beans,https://assets.woolworths.com.au/images/1005/70433.jpg?impolicy=wowsmkqiema&w=260&h=260,$1.50,$0.36 / 100G,4.2,764, Add to cart , Save to list 
Nestle Carnation Light & Creamy Evaporated Milk 340ml,https://www.woolworths.com.au/shop/productdetails/151917/nestle-carnation-light-creamy-evaporated-milk,https://assets.woolworths.com.au/images/1005/151917.jpg?impolicy=wowsmkqiema&w=260&h=260,$3.00,$8.82 / 1L,,, Add to cart , Save to list 
Bonne Maman Raspberry Jam 370g,https://www.woolworths.com.au/shop/productdetails/49905/bonne-maman-raspberry-jam,https://assets.woolworths.com.au/images/1005/49905.jpg?impolicy=wowsmkqiema&w=260&h=260,$5.50,$1.49 / 100G,,, Add to cart , Save to list 
Sandhurst Chillies Jalapeno Medium Hot 270g,https://www.woolworths.com.au/shop/productdetails/41049/sandhurst-chillies-jalapeno-medium-hot,https://assets.woolworths.com.au/images/1005/41049.jpg?impolicy=wowsmkqiema&w=260&h=260,$3.65,$13.52 / 1KG,,, Add to cart , Save to list 
Sandhurst Olives Green Pitted 350g,https://www.woolworths.com.au/shop/productdetails/708283/sandhurst-olives-green-pitted,https://assets.woolworths.com.au/images/1005/708283.jpg?impolicy=wowsmkqiema&w=260&h=260,$3.70,$10.57 / 1KG,,, Add to cart , Save to list 
Woolworths Brown Onion Instant Gravy 120g,https://www.woolworths.com.au/shop/productdetails/250673/woolworths-brown-onion-instant-gravy,https://assets.woolworths.com.au/images/1005/250673.jpg?impolicy=wowsmkqiema&w=260&h=260,$2.10,$0.18 / 10G,3.6,395, Add to cart , Save to list 
Australia's Own Full Cream Long Life Milk 200ml X6 Pack,https://www.woolworths.com.au/shop/productdetails/109361/australia-s-own-full-cream-long-life-milk,https://assets.woolworths.com.au/images/1005/109361.jpg?impolicy=wowsmkqiema&w=260&h=260,$4.00,$3.33 / 1L,,, Add to cart , Save to list 
Hart & Soul Pho Konjac Soup Pouch 400g,https://www.woolworths.com.au/shop/productdetails/438459/hart-soul-pho-konjac-soup-pouch,https://assets.woolworths.com.au/images/1005/438459.jpg?impolicy=wowsmkqiema&w=260&h=260,$4.50,$1.13 / 100G,,, Add to cart , Save to list 
Leggo's Passata Cooking Sauce Rustic Thick & Chunky 700g,https://www.woolworths.com.au/shop/productdetails/856815/leggo-s-passata-cooking-sauce-rustic-thick-chunky,https://assets.woolworths.com.au/images/1005/856815.jpg?impolicy=wowsmkqiema&w=260&h=260,$4.00,$0.57 / 100G,,, Add to cart , Save to list 
Masterfoods Garlic Powder 155g,https://www.woolworths.com.au/shop/productdetails/94489/masterfoods-garlic-powder,https://assets.woolworths.com.au/images/1005/94489.jpg?impolicy=wowsmkqiema&w=260&h=260,$6.50,$0.42 / 10G,,, Add to cart , Save to list 
Spc Baked Beans Ham Flavour 425g,https://www.woolworths.com.au/shop/productdetails/159034/spc-baked-beans-ham-flavour,https://assets.woolworths.com.au/images/1005/159034.jpg?impolicy=wowsmkqiema&w=260&h=260,$1.70,$0.40 / 100G,,, Add to cart , Save to list 
Snacktacular Fruity Pouch Fruit Puree Apple Raspberry & Blueberry 4 Pack,https://www.woolworths.com.au/shop/productdetails/164587/snacktacular-fruity-pouch-fruit-puree-apple-raspberry-blueberry,https://assets.woolworths.com.au/images/1005/164587.jpg?impolicy=wowsmkqiema&w=260&h=260,$4.00,$11.11 / 1KG,,, Add to cart , Save to list 
Uncle Tobys Oats Quick Sachets Hi-fibre Porridge 320g,https://www.woolworths.com.au/shop/productdetails/148396/uncle-tobys-oats-quick-sachets-hi-fibre-porridge,https://assets.woolworths.com.au/images/1005/148396.jpg?impolicy=wowsmkqiema&w=260&h=260,$5.00,$1.56 / 100G,,, Add to cart , Save to list 
Essentials Pancake & Pikelet Mix 300g,https://www.woolworths.com.au/shop/productdetails/34993/essentials-pancake-pikelet-mix,https://assets.woolworths.com.au/images/1005/34993.jpg?impolicy=wowsmkqiema&w=260&h=260,$1.20,$0.40 / 100G,4.9,20, Add to cart , Save to list 
Nestle Rolo 52g,https://www.woolworths.com.au/shop/productdetails/36456/nestle-rolo,https://assets.woolworths.com.au/images/1005/36456.jpg?impolicy=wowsmkqiema&w=260&h=260,,,,,, Save to list 
Old El Paso Nachos Spice Mix Mild 35g,https://www.woolworths.com.au/shop/productdetails/88192/old-el-paso-nachos-spice-mix-mild,https://assets.woolworths.com.au/images/1005/88192.jpg?impolicy=wowsmkqiema&w=260&h=260,$2.45,$7.00 / 100G,,, Add to cart , Save to list 
Ayam Thai Yellow Curry Paste 185g,https://www.woolworths.com.au/shop/productdetails/717669/ayam-thai-yellow-curry-paste,https://assets.woolworths.com.au/images/1005/717669.jpg?impolicy=wowsmkqiema&w=260&h=260,$4.00,$2.16 / 100G,,, Add to cart , Save to list 
San Remo Wholemeal Cous Cous 500g,https://www.woolworths.com.au/shop/productdetails/966478/san-remo-wholemeal-cous-cous,https://assets.woolworths.com.au/images/1005/966478.jpg?impolicy=wowsmkqiema&w=260&h=260,$3.00,$0.60 / 100G,,, Add to cart , Save to list 
Woolworths Max Charge Cereal 560g,https://www.woolworths.com.au/shop/productdetails/732510/woolworths-max-charge-cereal,https://assets.woolworths.com.au/images/1005/732510.jpg?impolicy=wowsmkqiema&w=260&h=260,$4.50,$0.80 / 100G,,, Add to cart , Save to list 
"Lighthouse Plain Flour For Pasta Tipo ""00"" 1kg",https://www.woolworths.com.au/shop/productdetails/262664/lighthouse-plain-flour-for-pasta-tipo-00-,https://assets.woolworths.com.au/images/1005/262664.jpg?impolicy=wowsmkqiema&w=260&h=260,$3.85,$3.85 / 1KG,,, Add to cart , Save to list 
Nong Shim Shin Ramyun Instant Noodle Black 130g,https://www.woolworths.com.au/shop/productdetails/868308/nong-shim-shin-ramyun-instant-noodle-black,https://assets.woolworths.com.au/images/1005/868308.jpg?impolicy=wowsmkqiema&w=260&h=260,$3.65,$2.81 / 100G,,, Add to cart , Save to list 
Woolworths Almond Meal 665g,https://www.woolworths.com.au/shop/productdetails/120690/woolworths-almond-meal,https://assets.woolworths.com.au/images/1005/120690.jpg?impolicy=wowsmkqiema&w=260&h=260,$10.50,$15.79 / 1KG,4.7,403, Add to cart , Save to list 
Whole Earth Monk Fruit Sweetener Granules 200g,https://www.woolworths.com.au/shop/productdetails/108123/whole-earth-monk-fruit-sweetener-granules,https://assets.woolworths.com.au/images/1005/108123.jpg?impolicy=wowsmkqiema&w=260&h=260,$8.50,$4.25 / 100G,,, Add to cart , Save to list 
Yeo's Drink Sugar Cane 300ml,https://www.woolworths.com.au/shop/productdetails/828591/yeo-s-drink-sugar-cane,https://assets.woolworths.com.au/images/1005/828591.jpg?impolicy=wowsmkqiema&w=260&h=260,$1.25,$0.42 / 100ML,,, Add to cart , Save to list 
Old El Paso Chili & Garlic Mexican Rice Kit 355g,https://www.woolworths.com.au/shop/productdetails/760341/old-el-paso-chili-garlic-mexican-rice-kit,https://assets.woolworths.com.au/images/1005/760341.jpg?impolicy=wowsmkqiema&w=260&h=260,$6.00,$1.69 / 100G,,, Add to cart , Save to list 
Vittoria Freeze Dried Instant Coffee Latte 100g,https://www.woolworths.com.au/shop/productdetails/159972/vittoria-freeze-dried-instant-coffee-latte,https://assets.woolworths.com.au/images/1005/159972.jpg?impolicy=wowsmkqiema&w=260&h=260,$12.50,$12.50 / 100G,,, Add to cart , Save to list 
Belvita Golden Oats Soft Bake Biscuits 200g,https://www.woolworths.com.au/shop/productdetails/674683/belvita-golden-oats-soft-bake-biscuits,https://assets.woolworths.com.au/images/1005/674683.jpg?impolicy=wowsmkqiema&w=260&h=260,$3.50,$1.75 / 100G,,, Add to cart , Save to list 
Chang's Noodles Long Life 250g,https://www.woolworths.com.au/shop/productdetails/94986/chang-s-noodles-long-life,https://assets.woolworths.com.au/images/1005/94986.jpg?impolicy=wowsmkqiema&w=260&h=260,$1.30,$0.52 / 100G,,, Add to cart , Save to list 
Old El Paso Mexican Crispy Chicken Spice Mix 35g,https://www.woolworths.com.au/shop/productdetails/362697/old-el-paso-mexican-crispy-chicken-spice-mix,https://assets.woolworths.com.au/images/1005/362697.jpg?impolicy=wowsmkqiema&w=260&h=260,$2.45,$7.00 / 100G,,, Add to cart , Save to list 
Maggi Side Dish Three Cheese Flavoured Potato Bake 21g,https://www.woolworths.com.au/shop/productdetails/579734/maggi-side-dish-three-cheese-flavoured-potato-bake,https://assets.woolworths.com.au/images/1005/579734.jpg?impolicy=wowsmkqiema&w=260&h=260,$1.75,$8.33 / 100G,,, Add to cart , Save to list 
Praise 99% Fat Free Squeeze Mayonnaise 555g,https://www.woolworths.com.au/shop/productdetails/136649/praise-99-fat-free-squeeze-mayonnaise,https://assets.woolworths.com.au/images/1005/136649.jpg?impolicy=wowsmkqiema&w=260&h=260,$4.50,$0.81 / 100G,,, Add to cart , Save to list 
Woolworths Thai Green Chicken Curry With Jasmine Rice 350g,https://www.woolworths.com.au/shop/productdetails/825615/woolworths-thai-green-chicken-curry-with-jasmine-rice,https://assets.woolworths.com.au/images/1005/825615.jpg?impolicy=wowsmkqiema&w=260&h=260,,,5.0,1,, Save to list 
Ayam Pure Sesame Oil 420ml,https://www.woolworths.com.au/shop/productdetails/626894/ayam-pure-sesame-oil,https://assets.woolworths.com.au/images/1005/626894.jpg?impolicy=wowsmkqiema&w=260&h=260,$8.50,$2.02 / 100ML,,, Add to cart , Save to list 
Old El Paso Mexican Guacamole Spice Mix 30g,https://www.woolworths.com.au/shop/productdetails/379648/old-el-paso-mexican-guacamole-spice-mix,https://assets.woolworths.com.au/images/1005/379648.jpg?impolicy=wowsmkqiema&w=260&h=260,$2.45,$8.17 / 100G,,, Add to cart , Save to list 
Reese's Peanut Butter Chips 283g,https://www.woolworths.com.au/shop/productdetails/827791/reese-s-peanut-butter-chips,https://assets.woolworths.com.au/images/1005/827791.jpg?impolicy=wowsmkqiema&w=260&h=260,$5.00,$1.77 / 100G,,, Add to cart , Save to list 
Globus Cucumbers Polish Dill 680g,https://www.woolworths.com.au/shop/productdetails/254286/globus-cucumbers-polish-dill,https://assets.woolworths.com.au/images/1005/254286.jpg?impolicy=wowsmkqiema&w=260&h=260,$3.20,$4.71 / 1KG,,, Add to cart , Save to list 
Gravox Chicken Gravy Mix Tin 120g,https://www.woolworths.com.au/shop/productdetails/38908/gravox-chicken-gravy-mix-tin-instant-chicken,https://assets.woolworths.com.au/images/1005/38908.jpg?impolicy=wowsmkqiema&w=260&h=260,$5.00,$0.42 / 10G,,, Add to cart , Save to list 
Masterfoods One Pan Rice Chicken & Mushroom Risotto 250g,https://www.woolworths.com.au/shop/productdetails/219966/masterfoods-one-pan-rice-chicken-mushroom-risotto,https://assets.woolworths.com.au/images/1005/219966.jpg?impolicy=wowsmkqiema&w=260&h=260,$4.00,$1.60 / 100G,,, Add to cart , Save to list 
Nutella Hazelnut Chocolate Spread 12pack,https://www.woolworths.com.au/shop/productdetails/795886/nutella-hazelnut-chocolate-spread-spread,https://assets.woolworths.com.au/images/1005/795886.jpg?impolicy=wowsmkqiema&w=260&h=260,$4.20,$2.33 / 100G,,, Add to cart , Save to list 
White Wings Cake Mix Milk Chocolate 530g,https://www.woolworths.com.au/shop/productdetails/364294/white-wings-cake-mix-milk-chocolate,https://assets.woolworths.com.au/images/1005/364294.jpg?impolicy=wowsmkqiema&w=260&h=260,$5.00,$0.94 / 100G,,, Add to cart , Save to list 
Obap Sweet Potato Noodles 100g,https://www.woolworths.com.au/shop/productdetails/626939/obap-sweet-potato-noodles,https://assets.woolworths.com.au/images/1005/626939.jpg?impolicy=wowsmkqiema&w=260&h=260,$2.30,$2.30 / 100G,,, Add to cart , Save to list 
Masterfoods Mustard Mild American Squeeze 550g,https://www.woolworths.com.au/shop/productdetails/141604/masterfoods-mustard-mild-american-squeeze,https://assets.woolworths.com.au/images/1005/141604.jpg?impolicy=wowsmkqiema&w=260&h=260,$5.50,$1.00 / 100G,,, Add to cart , Save to list 
Ayam Instant Noodles 10 Cakes 700g,https://www.woolworths.com.au/shop/productdetails/36885/ayam-instant-noodles-10-cakes,https://assets.woolworths.com.au/images/1005/36885.jpg?impolicy=wowsmkqiema&w=260&h=260,$5.30,$0.76 / 100G,,, Add to cart , Save to list 
Madura Black Leaf Tea Organic 150g,https://www.woolworths.com.au/shop/productdetails/427884/madura-black-leaf-tea-organic,https://assets.woolworths.com.au/images/1005/427884.jpg?impolicy=wowsmkqiema&w=260&h=260,$7.10,$4.73 / 100G,,, Add to cart , Save to list 
Skippy Creamy Peanut Butter 462g,https://www.woolworths.com.au/shop/productdetails/237425/skippy-creamy-peanut-butter,https://assets.woolworths.com.au/images/1005/237425.jpg?impolicy=wowsmkqiema&w=260&h=260,$4.00,$0.87 / 100G,,, Add to cart , Save to list 
Bega Peanut Butter Smooth 200g,https://www.woolworths.com.au/shop/productdetails/38920/bega-peanut-butter-smooth,https://assets.woolworths.com.au/images/1005/38920.jpg?impolicy=wowsmkqiema&w=260&h=260,$3.50,$1.75 / 100G,4.0,1, Add to cart , Save to list 
Masterfoods Pizza Seasoning Sprinkle 18g,https://www.woolworths.com.au/shop/productdetails/74502/masterfoods-pizza-seasoning-sprinkle,https://assets.woolworths.com.au/images/1005/74502.jpg?impolicy=wowsmkqiema&w=260&h=260,$3.50,$1.94 / 10G,,, Add to cart , Save to list 
Masterfoods Smokey Bbq Marinade 375g,https://www.woolworths.com.au/shop/productdetails/51631/masterfoods-smokey-bbq-marinade,https://assets.woolworths.com.au/images/1005/51631.jpg?impolicy=wowsmkqiema&w=260&h=260,$4.50,$1.20 / 100G,,, Add to cart , Save to list 
Riviana Microwave Basmati Cup Coconut 250g,https://www.woolworths.com.au/shop/productdetails/203119/riviana-microwave-basmati-cup-coconut,https://assets.woolworths.com.au/images/1005/203119.jpg?impolicy=wowsmkqiema&w=260&h=260,,,,,, Save to list 
Chang's Wok Ready Super Lo-cal Noodles 390g,https://www.woolworths.com.au/shop/productdetails/703413/chang-s-wok-ready-super-lo-cal-noodles,https://assets.woolworths.com.au/images/1005/703413.jpg?impolicy=wowsmkqiema&w=260&h=260,$2.00,$0.51 / 100G,,, Add to cart , Save to list 
John West Mackerel Fillets 125g,https://www.woolworths.com.au/shop/productdetails/36442/john-west-mackerel-fillets,https://assets.woolworths.com.au/images/1005/36442.jpg?impolicy=wowsmkqiema&w=260&h=260,$3.60,$28.80 / 1KG,,, Add to cart , Save to list 
Woolworths Toasted Honey & Cinnamon Muesli 750g,https://www.woolworths.com.au/shop/productdetails/743268/woolworths-toasted-honey-cinnamon-muesli,https://assets.woolworths.com.au/images/1005/743268.jpg?impolicy=wowsmkqiema&w=260&h=260,$3.10,$0.41 / 100G,4.4,332, Add to cart , Save to list 
Masterfoods Squeezy Hot Chilli Sauce 250ml,https://www.woolworths.com.au/shop/productdetails/142142/masterfoods-squeezy-hot-chilli-sauce,https://assets.woolworths.com.au/images/1005/142142.jpg?impolicy=wowsmkqiema&w=260&h=260,$3.50,$1.40 / 100ML,,, Add to cart , Save to list 
St Dalfour Raspberry 284g 284g,https://www.woolworths.com.au/shop/productdetails/59309/st-dalfour-raspberry-284g,https://assets.woolworths.com.au/images/1005/59309.jpg?impolicy=wowsmkqiema&w=260&h=260,$5.70,$2.01 / 100G,,, Add to cart , Save to list 
White Wings Dessert Mix Chocolate Profiteroles 230g,https://www.woolworths.com.au/shop/productdetails/785336/white-wings-dessert-mix-chocolate-profiteroles,https://assets.woolworths.com.au/images/1005/785336.jpg?impolicy=wowsmkqiema&w=260&h=260,,,,,, Save to list 
Riviana Crabmeat 170g,https://www.woolworths.com.au/shop/productdetails/959439/riviana-crabmeat,https://assets.woolworths.com.au/images/1005/959439.jpg?impolicy=wowsmkqiema&w=260&h=260,$4.30,$25.29 / 1KG,,, Add to cart , Save to list 
Bushells Extra Strong Leaf Tea 250g,https://www.woolworths.com.au/shop/productdetails/90832/bushells-extra-strong-leaf-tea,https://assets.woolworths.com.au/images/1005/90832.jpg?impolicy=wowsmkqiema&w=260&h=260,$3.25,$1.30 / 100G,,, Add to cart , Save to list 
Golden Circle Canned Vegetables Sliced Beetroot Cans 225g,https://www.woolworths.com.au/shop/productdetails/34948/golden-circle-canned-vegetables-sliced-beetroot-cans,https://assets.woolworths.com.au/images/1005/34948.jpg?impolicy=wowsmkqiema&w=260&h=260,,,,,, Save to list 
Hoyts Italian Herb Mix 140g,https://www.woolworths.com.au/shop/productdetails/574876/hoyts-italian-herb-mix,https://assets.woolworths.com.au/images/1005/574876.jpg?impolicy=wowsmkqiema&w=260&h=260,$6.00,$0.43 / 10G,5.0,1, Add to cart , Save to list 
Spc Whole Prunes In Juice Canned Fruit 425g,https://www.woolworths.com.au/shop/productdetails/847211/spc-whole-prunes-in-juice-canned-fruit,https://assets.woolworths.com.au/images/1005/847211.jpg?impolicy=wowsmkqiema&w=260&h=260,$3.50,$8.24 / 1KG,,, Add to cart , Save to list 
Always Fresh Sicilian Olives Pitted 230g,https://www.woolworths.com.au/shop/productdetails/465039/always-fresh-sicilian-olives-pitted,https://assets.woolworths.com.au/images/1005/465039.jpg?impolicy=wowsmkqiema&w=260&h=260,$4.00,$17.39 / 1KG,,, Add to cart , Save to list 
Woolworths Sliced Green Beans 410g,https://www.woolworths.com.au/shop/productdetails/218869/woolworths-sliced-green-beans,https://assets.woolworths.com.au/images/1005/218869.jpg?impolicy=wowsmkqiema&w=260&h=260,$1.60,$3.90 / 1KG,2.6,1040, Add to cart , Save to list 
Continental Classics Cup-a-soup Italian Minestrone Bigger Serve 52g,https://www.woolworths.com.au/shop/productdetails/19501/continental-classics-cup-a-soup-italian-minestrone-bigger-serve,https://assets.woolworths.com.au/images/1005/19501.jpg?impolicy=wowsmkqiema&w=260&h=260,$2.50,$4.81 / 100G,,, Add to cart , Save to list 
Tadim Roasted Sunflower Seeds 330g,https://www.woolworths.com.au/shop/productdetails/78598/tadim-roasted-sunflower-seeds,https://assets.woolworths.com.au/images/1005/78598.jpg?impolicy=wowsmkqiema&w=260&h=260,$6.20,$1.88 / 100G,,, Add to cart , Save to list 
Ayam Oyster Sauce 420ml,https://www.woolworths.com.au/shop/productdetails/90436/ayam-oyster-sauce,https://assets.woolworths.com.au/images/1005/90436.jpg?impolicy=wowsmkqiema&w=260&h=260,$5.00,$1.19 / 100ML,,, Add to cart , Save to list 
Bull's-eye Barbecue Bbq Sauce Sweet Whiskey Glaze 300ml,https://www.woolworths.com.au/shop/productdetails/880916/bull-s-eye-barbecue-bbq-sauce-sweet-whiskey-glaze,https://assets.woolworths.com.au/images/1005/880916.jpg?impolicy=wowsmkqiema&w=260&h=260,$4.00,$1.33 / 100ML,,, Add to cart , Save to list 
Nescafe Coffee Sachets Caramel Latte 10 Pack,https://www.woolworths.com.au/shop/productdetails/226908/nescafe-coffee-sachets-caramel-latte-caramel-latte,https://assets.woolworths.com.au/images/1005/226908.jpg?impolicy=wowsmkqiema&w=260&h=260,$7.60,$0.76 / 1EA,,, Add to cart , Save to list 
Riviana Sliced Water Chestnuts 230g,https://www.woolworths.com.au/shop/productdetails/943302/riviana-sliced-water-chestnuts,https://assets.woolworths.com.au/images/1005/943302.jpg?impolicy=wowsmkqiema&w=260&h=260,$1.75,$7.61 / 1KG,,, Add to cart , Save to list 
Uncle Tobys Cereal Plus Fibre 430g,https://www.woolworths.com.au/shop/productdetails/368725/uncle-tobys-cereal-plus-fibre,https://assets.woolworths.com.au/images/1005/368725.jpg?impolicy=wowsmkqiema&w=260&h=260,$6.50,$1.51 / 100G,,, Add to cart , Save to list 
Mckenzie's Lentils Whole Green 375g,https://www.woolworths.com.au/shop/productdetails/8086/mckenzie-s-lentils-whole-green,https://assets.woolworths.com.au/images/1005/8086.jpg?impolicy=wowsmkqiema&w=260&h=260,$2.60,$0.69 / 100G,,, Add to cart , Save to list 
No Nasties Sugar Free-zies All Natural Icy Stix 15 Pack,https://www.woolworths.com.au/shop/productdetails/754164/no-nasties-sugar-free-zies-all-natural-icy-stix,https://assets.woolworths.com.au/images/1005/754164.jpg?impolicy=wowsmkqiema&w=260&h=260,$5.60,$0.62 / 100ML,,, Add to cart , Save to list 
Dole Pineapple Premium Tropical Slices 432g,https://www.woolworths.com.au/shop/productdetails/780106/dole-pineapple-premium-tropical-slices,https://assets.woolworths.com.au/images/1005/780106.jpg?impolicy=wowsmkqiema&w=260&h=260,$3.00,$6.94 / 1KG,,, Add to cart , Save to list 
﻿Kellogg's Special K Original Breakfast Cereal 300g,https://www.woolworths.com.au/shop/productdetails/701639/kelloggs-special-k-original-breakfast-cereal,https://assets.woolworths.com.au/images/1005/701639.jpg?impolicy=wowsmkqiema&w=260&h=260,$5.00,$1.67 / 100G,,, Add to cart , Save to list 
Passage To India Simmer Sauce Butter Chicken 375g,https://www.woolworths.com.au/shop/productdetails/186114/passage-to-india-simmer-sauce-butter-chicken,https://assets.woolworths.com.au/images/1005/186114.jpg?impolicy=wowsmkqiema&w=260&h=260,$3.99,$1.06 / 100G,,, Add to cart , Save to list 
Laucke Spelt Bread Mix 1kg,https://www.woolworths.com.au/shop/productdetails/82823/laucke-spelt-bread-mix,https://assets.woolworths.com.au/images/1005/82823.jpg?impolicy=wowsmkqiema&w=260&h=260,$5.00,$5.00 / 1KG,,, Add to cart , Save to list 
Miso Tasty Teriyaki Sauce 100g,https://www.woolworths.com.au/shop/productdetails/122003/miso-tasty-teriyaki-sauce,https://assets.woolworths.com.au/images/1005/122003.jpg?impolicy=wowsmkqiema&w=260&h=260,,,2.0,1,, Save to list 
Sunbeam Australian Currants 300g,https://www.woolworths.com.au/shop/productdetails/24258/sunbeam-australian-currants,https://assets.woolworths.com.au/images/1005/24258.jpg?impolicy=wowsmkqiema&w=260&h=260,$5.50,$18.33 / 1KG,,, Add to cart , Save to list 
Bull's-eye Original Bbq Sauce 300ml,https://www.woolworths.com.au/shop/productdetails/880917/bull-s-eye-original-bbq-sauce,https://assets.woolworths.com.au/images/1005/880917.jpg?impolicy=wowsmkqiema&w=260&h=260,$4.00,$1.33 / 100ML,,, Add to cart , Save to list 
Masterfoods Sweet Plum Marinade 375g,https://www.woolworths.com.au/shop/productdetails/118614/masterfoods-sweet-plum-marinade,https://assets.woolworths.com.au/images/1005/118614.jpg?impolicy=wowsmkqiema&w=260&h=260,$4.50,$1.20 / 100G,,, Add to cart , Save to list 
Stagg Chili Slow Burn Chunky Chili With Beans 425g,https://www.woolworths.com.au/shop/productdetails/223972/stagg-chili-slow-burn-chunky-chili-with-beans,https://assets.woolworths.com.au/images/1005/223972.jpg?impolicy=wowsmkqiema&w=260&h=260,$4.40,$1.04 / 100G,,, Add to cart , Save to list 
Green's Pancake Mix Buttermilk Shake 325g,https://www.woolworths.com.au/shop/productdetails/204607/green-s-pancake-mix-buttermilk-shake,https://assets.woolworths.com.au/images/1005/204607.jpg?impolicy=wowsmkqiema&w=260&h=260,$2.50,$0.77 / 100G,5.0,1, Add to cart , Save to list 
Leggos Tomato Paste Squeeze 400g,https://www.woolworths.com.au/shop/productdetails/259592/leggos-tomato-paste-squeeze,https://assets.woolworths.com.au/images/1005/259592.jpg?impolicy=wowsmkqiema&w=260&h=260,$4.50,$1.13 / 100G,,, Add to cart , Save to list 
Masterfoods Moroccan Seasoning 160g,https://www.woolworths.com.au/shop/productdetails/249551/masterfoods-moroccan-seasoning,https://assets.woolworths.com.au/images/1005/249551.jpg?impolicy=wowsmkqiema&w=260&h=260,$7.30,$0.46 / 10G,,, Add to cart , Save to list 
Avofresh Soft Avocado Hint Of Lemon 160g Tube,https://www.woolworths.com.au/shop/productdetails/364554/avofresh-soft-avocado-hint-of-lemon,https://assets.woolworths.com.au/images/1005/364554.jpg?impolicy=wowsmkqiema&w=260&h=260,$5.50,$3.44 / 100G,,, Add to cart , Save to list 
Masterfoods Thick Tangy Herb Burger Sauce 220ml,https://www.woolworths.com.au/shop/productdetails/171353/masterfoods-thick-tangy-herb-burger-sauce,https://assets.woolworths.com.au/images/1005/171353.jpg?impolicy=wowsmkqiema&w=260&h=260,$4.50,$2.05 / 100ML,,, Add to cart , Save to list 
Praise Dressings Coleslaw 99% Fat Free 330ml,https://www.woolworths.com.au/shop/productdetails/212355/praise-dressings-coleslaw-99-fat-free,https://assets.woolworths.com.au/images/1005/212355.jpg?impolicy=wowsmkqiema&w=260&h=260,$3.60,$1.09 / 100ML,,, Add to cart , Save to list 
Gravox Roast Chicken With Herbs Liquid Gravy Pouch 165g,https://www.woolworths.com.au/shop/productdetails/257448/gravox-roast-chicken-with-herbs-liquid-gravy-pouch,https://assets.woolworths.com.au/images/1005/257448.jpg?impolicy=wowsmkqiema&w=260&h=260,$3.50,$2.12 / 100G,,, Add to cart , Save to list 
Green's Pancake Mix Original Shake 375g,https://www.woolworths.com.au/shop/productdetails/33305/green-s-pancake-mix-original-shake,https://assets.woolworths.com.au/images/1005/33305.jpg?impolicy=wowsmkqiema&w=260&h=260,$2.50,$0.67 / 100G,,, Add to cart , Save to list 
Amoy Gold Label Light Soy Sauce 500ml,https://www.woolworths.com.au/shop/productdetails/830257/amoy-gold-label-light-soy-sauce,https://assets.woolworths.com.au/images/1005/830257.jpg?impolicy=wowsmkqiema&w=260&h=260,$5.50,$1.10 / 100ML,,, Add to cart , Save to list 
Masterfoods Lamb Herbs 15g,https://www.woolworths.com.au/shop/productdetails/92158/masterfoods-lamb-herbs,https://assets.woolworths.com.au/images/1005/92158.jpg?impolicy=wowsmkqiema&w=260&h=260,$3.20,$2.13 / 10G,,, Add to cart , Save to list 
Beechworth 100% Australian Bee Cause Mountain Honey Squeeze 400g,https://www.woolworths.com.au/shop/productdetails/434626/beechworth-100-australian-bee-cause-mountain-honey-squeeze,https://assets.woolworths.com.au/images/1005/434626.jpg?impolicy=wowsmkqiema&w=260&h=260,$7.00,$1.75 / 100G,,, Add to cart , Save to list 
Vittoria Latte Nespresso Compatible Coffee Capsules 20 Pack,https://www.woolworths.com.au/shop/productdetails/116684/vittoria-latte-nespresso-compatible-coffee-capsules,https://assets.woolworths.com.au/images/1005/116684.jpg?impolicy=wowsmkqiema&w=260&h=260,$13.00,$0.65 / 1EA,,, Add to cart , Save to list 
Golden Circle Canned Vegetables Diced Beetroot Cans 450g,https://www.woolworths.com.au/shop/productdetails/333358/golden-circle-canned-vegetables-diced-beetroot-cans,https://assets.woolworths.com.au/images/1005/333358.jpg?impolicy=wowsmkqiema&w=260&h=260,$2.30,$5.11 / 1KG,,, Add to cart , Save to list 
Vittoria Italian Nespresso Compatible Coffee Capsules Pack 20,https://www.woolworths.com.au/shop/productdetails/92859/vittoria-italian-nespresso-compatible-coffee-capsules,https://assets.woolworths.com.au/images/1005/92859.jpg?impolicy=wowsmkqiema&w=260&h=260,$13.00,$0.65 / 1EA,,, Add to cart , Save to list 
White Wings Cake In A Cup Double Chocolate 55g,https://www.woolworths.com.au/shop/productdetails/575654/white-wings-cake-in-a-cup-double-chocolate,https://assets.woolworths.com.au/images/1005/575654.jpg?impolicy=wowsmkqiema&w=260&h=260,$2.00,$3.64 / 100G,,, Add to cart , Save to list 
Mckenzie's Pepper Black Corns Blended 200g,https://www.woolworths.com.au/shop/productdetails/320995/mckenzie-s-pepper-black-corns-blended,https://assets.woolworths.com.au/images/1005/320995.jpg?impolicy=wowsmkqiema&w=260&h=260,$5.95,$0.30 / 10G,,, Add to cart , Save to list 
Woolworths Two Fruits In Juice 10 Pack,https://www.woolworths.com.au/shop/productdetails/83460/woolworths-two-fruits-in-juice,https://assets.woolworths.com.au/images/1005/83460.jpg?impolicy=wowsmkqiema&w=260&h=260,$5.20,$4.16 / 1KG,4.2,618, Add to cart , Save to list 
Ingham's Coating Mix Seasoning Chicken 75g,https://www.woolworths.com.au/shop/productdetails/122188/ingham-s-coating-mix-seasoning-chicken,https://assets.woolworths.com.au/images/1005/122188.jpg?impolicy=wowsmkqiema&w=260&h=260,$1.05,$1.40 / 100G,,, Add to cart , Save to list 
Nestle Bakers' Choice Dark Choc Bits 200g,https://www.woolworths.com.au/shop/productdetails/490008/nestle-bakers-choice-dark-choc-bits,https://assets.woolworths.com.au/images/1005/490008.jpg?impolicy=wowsmkqiema&w=260&h=260,$5.00,$2.50 / 100G,,, Add to cart , Save to list 
Macro Organic Oats Rolled Unstabilised 500g,https://www.woolworths.com.au/shop/productdetails/664723/macro-organic-oats-rolled-unstabilised,https://assets.woolworths.com.au/images/1005/664723.jpg?impolicy=wowsmkqiema&w=260&h=260,$3.50,$0.70 / 100G,4.4,838, Add to cart , Save to list 
Edgell Green Peas Green 220g,https://www.woolworths.com.au/shop/productdetails/34113/edgell-green-peas-green,https://assets.woolworths.com.au/images/1005/34113.jpg?impolicy=wowsmkqiema&w=260&h=260,$1.40,$6.36 / 1KG,,, Add to cart , Save to list 
Heinz Mexican Chilli Beanz Beans Hot Canned Beans 420g,https://www.woolworths.com.au/shop/productdetails/159130/heinz-mexican-chilli-beanz-beans-hot-canned-beans,https://assets.woolworths.com.au/images/1005/159130.jpg?impolicy=wowsmkqiema&w=260&h=260,$3.50,$0.83 / 100G,,, Add to cart , Save to list 
Paul Newman's Balsamic Vinaigrette 250ml,https://www.woolworths.com.au/shop/productdetails/32214/paul-newman-s-balsamic-vinaigrette,https://assets.woolworths.com.au/images/1005/32214.jpg?impolicy=wowsmkqiema&w=260&h=260,$3.00,$1.20 / 100ML,,, Add to cart , Save to list 
Sharwood's Ingredients Chutney Mango 354g,https://www.woolworths.com.au/shop/productdetails/41968/sharwood-s-ingredients-chutney-mango,https://assets.woolworths.com.au/images/1005/41968.jpg?impolicy=wowsmkqiema&w=260&h=260,$8.00,$2.26 / 100G,,, Add to cart , Save to list 
Arnott's Gluten Free Scotch Finger Biscuits 170g,https://www.woolworths.com.au/shop/productdetails/169009/arnott-s-gluten-free-scotch-finger-biscuits,https://assets.woolworths.com.au/images/1005/169009.jpg?impolicy=wowsmkqiema&w=260&h=260,$4.70,$2.76 / 100G,,, Add to cart , Save to list 
Woolworths Mild American Mustard 250g,https://www.woolworths.com.au/shop/productdetails/748932/woolworths-mild-american-mustard,https://assets.woolworths.com.au/images/1005/748932.jpg?impolicy=wowsmkqiema&w=260&h=260,$2.70,$1.08 / 100G,4.3,583, Add to cart , Save to list 
Frank's Redhot Original Cayenne Pepper Hot Sauce 148ml,https://www.woolworths.com.au/shop/productdetails/759137/frank-s-redhot-original-cayenne-pepper-hot-sauce,https://assets.woolworths.com.au/images/1005/759137.jpg?impolicy=wowsmkqiema&w=260&h=260,$3.80,$2.57 / 100ML,,, Add to cart , Save to list 
Jordans Simply Crunchy Oat Granola Honey 750g,https://www.woolworths.com.au/shop/productdetails/609556/jordans-simply-crunchy-oat-granola-honey,https://assets.woolworths.com.au/images/1005/609556.jpg?impolicy=wowsmkqiema&w=260&h=260,$4.25,$0.57 / 100G,,, Add to cart , Save to list 
La Molisana Pomodoro Extra Di Lusso Passata Classica 690g,https://www.woolworths.com.au/shop/productdetails/138222/la-molisana-pomodoro-extra-di-lusso-passata-classica,https://assets.woolworths.com.au/images/1005/138222.jpg?impolicy=wowsmkqiema&w=260&h=260,$3.50,$0.51 / 100G,4.6,513, Add to cart , Save to list 
Snacktacular Fruity Pouch Fruit Puree Apple 4 Pack,https://www.woolworths.com.au/shop/productdetails/97990/snacktacular-fruity-pouch-fruit-puree-apple,https://assets.woolworths.com.au/images/1005/97990.jpg?impolicy=wowsmkqiema&w=260&h=260,$4.00,$11.11 / 1KG,,, Add to cart , Save to list 
Dairylea Cheddar Cheese 500g,https://www.woolworths.com.au/shop/productdetails/33500/dairylea-cheddar-cheese,https://assets.woolworths.com.au/images/1005/33500.jpg?impolicy=wowsmkqiema&w=260&h=260,$7.00,$14.00 / 1KG,,, Add to cart , Save to list 
Mckenzie's Rice Flour 375g,https://www.woolworths.com.au/shop/productdetails/94275/mckenzie-s-rice-flour,https://assets.woolworths.com.au/images/1005/94275.jpg?impolicy=wowsmkqiema&w=260&h=260,$1.70,$0.45 / 100G,,, Add to cart , Save to list 
Ottogi Jin Ramen Spicy Instant Noodles 120g,https://www.woolworths.com.au/shop/productdetails/862807/ottogi-jin-ramen-spicy-instant-noodles,https://assets.woolworths.com.au/images/1005/862807.jpg?impolicy=wowsmkqiema&w=260&h=260,$1.80,$1.50 / 100G,,, Add to cart , Save to list 
White Wings Gluten Free Plain Flour 500g,https://www.woolworths.com.au/shop/productdetails/142200/white-wings-gluten-free-plain-flour,https://assets.woolworths.com.au/images/1005/142200.jpg?impolicy=wowsmkqiema&w=260&h=260,$5.00,$10.00 / 1KG,,, Add to cart , Save to list 
Barkers Anathoth Farm Strawberry Jam 455g,https://www.woolworths.com.au/shop/productdetails/269903/barker-s-anathoth-farm-strawberry-jam,https://assets.woolworths.com.au/images/1005/269903.jpg?impolicy=wowsmkqiema&w=260&h=260,$6.30,$1.38 / 100G,,, Add to cart , Save to list 
Deep Cove Mackerel In Tomato Sauce 425g,https://www.woolworths.com.au/shop/productdetails/80720/deep-cove-mackerel-in-tomato-sauce,https://assets.woolworths.com.au/images/1005/80720.jpg?impolicy=wowsmkqiema&w=260&h=260,$2.90,$6.82 / 1KG,3.2,961, Add to cart , Save to list 
Nutino Hazelnut Spread Spread 220g,https://www.woolworths.com.au/shop/productdetails/249629/nutino-hazelnut-spread-spread,https://assets.woolworths.com.au/images/1005/249629.jpg?impolicy=wowsmkqiema&w=260&h=260,$3.80,$1.73 / 100G,,, Add to cart , Save to list 
Hoyts Mustard Seed 25g,https://www.woolworths.com.au/shop/productdetails/54179/hoyts-mustard-seed,https://assets.woolworths.com.au/images/1005/54179.jpg?impolicy=wowsmkqiema&w=260&h=260,$1.55,$0.62 / 10G,,, Add to cart , Save to list 
Masterfoods Smoked & Charred Alabama Style Rub 52g,https://www.woolworths.com.au/shop/productdetails/114235/masterfoods-smoked-charred-alabama-style-rub,https://assets.woolworths.com.au/images/1005/114235.jpg?impolicy=wowsmkqiema&w=260&h=260,$4.30,$0.83 / 10G,,, Add to cart , Save to list 
Twinings English Breakfast Extra Strong Tea Bags 40 Pack,https://www.woolworths.com.au/shop/productdetails/656131/twinings-english-breakfast-extra-strong-tea-bags,https://assets.woolworths.com.au/images/1005/656131.jpg?impolicy=wowsmkqiema&w=260&h=260,$7.50,$0.19 / 1EA,,, Add to cart , Save to list 
Chacheer Sunflower Seeds Coconut 228g,https://www.woolworths.com.au/shop/productdetails/830271/chacheer-sunflower-seeds-coconut,https://assets.woolworths.com.au/images/1005/830271.jpg?impolicy=wowsmkqiema&w=260&h=260,$4.00,$1.75 / 100G,,, Add to cart , Save to list 
Mccormick Southern Style Street Food Seasoning 25g,https://www.woolworths.com.au/shop/productdetails/169912/mccormick-southern-style-street-food-seasoning,https://assets.woolworths.com.au/images/1005/169912.jpg?impolicy=wowsmkqiema&w=260&h=260,$2.50,$1.00 / 10G,,, Add to cart , Save to list 
Mutti Gourmet Pasta Sauce Rossoro Tomatoes With Genovese Basil 400g,https://www.woolworths.com.au/shop/productdetails/216869/mutti-gourmet-pasta-sauce-rossoro-tomatoes-with-genovese-basil,https://assets.woolworths.com.au/images/1005/216869.jpg?impolicy=wowsmkqiema&w=260&h=260,$5.00,$1.25 / 100G,,, Add to cart , Save to list 
Patak's Korma Curry Paste 283g,https://www.woolworths.com.au/shop/productdetails/79822/patak-s-korma-curry-paste,https://assets.woolworths.com.au/images/1005/79822.jpg?impolicy=wowsmkqiema&w=260&h=260,,,,,, Save to list 
Heinz Ravioli Ricotta With Rich Bolognese & Garlic 350g,https://www.woolworths.com.au/shop/productdetails/222124/heinz-ravioli-ricotta-with-rich-bolognese-garlic,https://assets.woolworths.com.au/images/1005/222124.jpg?impolicy=wowsmkqiema&w=260&h=260,$5.30,$1.51 / 100G,,, Add to cart , Save to list 
Jordans Bursting With Berries Crunchy Oat Granola 500g,https://www.woolworths.com.au/shop/productdetails/790810/jordans-bursting-with-berries-crunchy-oat-granola,https://assets.woolworths.com.au/images/1005/790810.jpg?impolicy=wowsmkqiema&w=260&h=260,$4.25,$0.85 / 100G,,, Add to cart , Save to list 
Mae Ploy Sauce Sweet Chilli 280ml,https://www.woolworths.com.au/shop/productdetails/57326/mae-ploy-sauce-sweet-chilli,https://assets.woolworths.com.au/images/1005/57326.jpg?impolicy=wowsmkqiema&w=260&h=260,$2.80,$1.00 / 100ML,,, Add to cart , Save to list 
Masterfoods Cajun Seasoning 30g,https://www.woolworths.com.au/shop/productdetails/44765/masterfoods-cajun-seasoning,https://assets.woolworths.com.au/images/1005/44765.jpg?impolicy=wowsmkqiema&w=260&h=260,$3.50,$1.00 / 10G,,, Add to cart , Save to list 
Gravox Traditional Family Pack Liquid Gravy Pouch 250g,https://www.woolworths.com.au/shop/productdetails/323702/gravox-traditional-family-pack-liquid-gravy-pouch,https://assets.woolworths.com.au/images/1005/323702.jpg?impolicy=wowsmkqiema&w=260&h=260,$4.00,$1.60 / 100G,,, Add to cart , Save to list 
Taokaenoi Tempura Seaweed Original 40g,https://www.woolworths.com.au/shop/productdetails/331897/taokaenoi-tempura-seaweed-original,https://assets.woolworths.com.au/images/1005/331897.jpg?impolicy=wowsmkqiema&w=260&h=260,$3.40,$8.50 / 100G,,, Add to cart , Save to list 
Pandaroo Snacks Jelly Fruit Mini Cups 380g,https://www.woolworths.com.au/shop/productdetails/307669/pandaroo-snacks-jelly-fruit-mini-cups,https://assets.woolworths.com.au/images/1005/307669.jpg?impolicy=wowsmkqiema&w=260&h=260,$1.75,$0.46 / 100G,,, Add to cart , Save to list 
Three Threes Pickled Onions 520g,https://www.woolworths.com.au/shop/productdetails/504615/three-threes-pickled-onions,https://assets.woolworths.com.au/images/1005/504615.jpg?impolicy=wowsmkqiema&w=260&h=260,$4.80,$9.23 / 1KG,,, Add to cart , Save to list 
Woolworths Skim Milk Powder 1kg,https://www.woolworths.com.au/shop/productdetails/789358/woolworths-skim-milk-powder,https://assets.woolworths.com.au/images/1005/789358.jpg?impolicy=wowsmkqiema&w=260&h=260,$10.00,$1.00 / 100G,4.2,503, Add to cart , Save to list 
Hoyts Cinnamon Sticks 15g,https://www.woolworths.com.au/shop/productdetails/94633/hoyts-cinnamon-sticks,https://assets.woolworths.com.au/images/1005/94633.jpg?impolicy=wowsmkqiema&w=260&h=260,$3.70,$2.47 / 10G,,, Add to cart , Save to list 
Mckenzie's Coconut Fine Desiccated 250g,https://www.woolworths.com.au/shop/productdetails/28708/mckenzie-s-coconut-fine-desiccated,https://assets.woolworths.com.au/images/1005/28708.jpg?impolicy=wowsmkqiema&w=260&h=260,$2.75,$11.00 / 1KG,,, Add to cart , Save to list 
Woolworths Lemongrass Fresh Herb 30g Punnet,https://www.woolworths.com.au/shop/productdetails/707362/woolworths-lemongrass-fresh-herb,https://assets.woolworths.com.au/images/1005/707362.jpg?impolicy=wowsmkqiema&w=260&h=260,$3.20,$1.07 / 10G,3.9,421, Add to cart , Save to list 
Uncle Tobys Cheerios Multigrain Original Breakfast Cereal 580g,https://www.woolworths.com.au/shop/productdetails/751277/uncle-tobys-cheerios-multigrain-original-breakfast-cereal,https://assets.woolworths.com.au/images/1005/751277.jpg?impolicy=wowsmkqiema&w=260&h=260,$7.50,$1.29 / 100G,,, Add to cart , Save to list 
Woolworths Thai Basil Fresh Herbs 15g Punnet,https://www.woolworths.com.au/shop/productdetails/707363/woolworths-thai-basil-fresh-herbs,https://assets.woolworths.com.au/images/1005/707363.jpg?impolicy=wowsmkqiema&w=260&h=260,$3.20,$2.13 / 10G,3.8,348, Add to cart , Save to list 
Golden Circle Australian Canned Fruit Tinned Pineapple Pieces In Juice 225g,https://www.woolworths.com.au/shop/productdetails/77571/golden-circle-australian-canned-fruit-tinned-pineapple-pieces-in-juice,https://assets.woolworths.com.au/images/1005/77571.jpg?impolicy=wowsmkqiema&w=260&h=260,$2.90,$12.89 / 1KG,,, Add to cart , Save to list 
Macro Organic Extra Virgin Spanish Olive Oil 500ml,https://www.woolworths.com.au/shop/productdetails/698867/macro-organic-extra-virgin-spanish-olive-oil,https://assets.woolworths.com.au/images/1005/698867.jpg?impolicy=wowsmkqiema&w=260&h=260,$6.60,$1.32 / 100ML,4.6,421, Add to cart , Save to list 
Vita Lemon Tea 250ml X6 Pack,https://www.woolworths.com.au/shop/productdetails/21589/vita-lemon-tea,https://assets.woolworths.com.au/images/1005/21589.jpg?impolicy=wowsmkqiema&w=260&h=260,$8.00,$0.53 / 100ML,,, Add to cart , Save to list 
Always Fresh Capsicum Wood Roasted Piquillo Peppers 285g,https://www.woolworths.com.au/shop/productdetails/261309/always-fresh-capsicum-wood-roasted-piquillo-peppers,https://assets.woolworths.com.au/images/1005/261309.jpg?impolicy=wowsmkqiema&w=260&h=260,$3.60,$12.63 / 1KG,,, Add to cart , Save to list 
Green's Pudding Butterscotch Sponge 260g,https://www.woolworths.com.au/shop/productdetails/55855/green-s-pudding-butterscotch-sponge,https://assets.woolworths.com.au/images/1005/55855.jpg?impolicy=wowsmkqiema&w=260&h=260,$3.00,$1.15 / 100G,,, Add to cart , Save to list 
Vittoria Ristretto Nespresso Compatible Coffee Capsules Pack 10,https://www.woolworths.com.au/shop/productdetails/93045/vittoria-ristretto-nespresso-compatible-coffee-capsules,https://assets.woolworths.com.au/images/1005/93045.jpg?impolicy=wowsmkqiema&w=260&h=260,$5.50,$0.55 / 1EA,,, Add to cart , Save to list 
Chang's Hoisin Sauce 280ml,https://www.woolworths.com.au/shop/productdetails/609551/chang-s-hoisin-sauce,https://assets.woolworths.com.au/images/1005/609551.jpg?impolicy=wowsmkqiema&w=260&h=260,$3.25,$1.16 / 100ML,,, Add to cart , Save to list 
Valcom Paste Pad Thai 240g,https://www.woolworths.com.au/shop/productdetails/250299/valcom-paste-pad-thai,https://assets.woolworths.com.au/images/1005/250299.jpg?impolicy=wowsmkqiema&w=260&h=260,$3.40,$1.42 / 100G,,, Add to cart , Save to list 
Dorset Nut Granola 450g,https://www.woolworths.com.au/shop/productdetails/85470/dorset-nut-granola,https://assets.woolworths.com.au/images/1005/85470.jpg?impolicy=wowsmkqiema&w=260&h=260,$4.25,$0.94 / 100G,,, Add to cart , Save to list 
Peck's Anchovette Spread 125g,https://www.woolworths.com.au/shop/productdetails/77957/peck-s-anchovette-spread,https://assets.woolworths.com.au/images/1005/77957.jpg?impolicy=wowsmkqiema&w=260&h=260,$3.80,$3.04 / 100G,,, Add to cart , Save to list 
Spc Peaches Sliced In Mango Nectar Canned Fruit 825g,https://www.woolworths.com.au/shop/productdetails/43268/spc-peaches-sliced-in-mango-nectar-canned-fruit,https://assets.woolworths.com.au/images/1005/43268.jpg?impolicy=wowsmkqiema&w=260&h=260,$5.00,$6.06 / 1KG,,, Add to cart , Save to list 
Three Threes Mightymite Spread 290g,https://www.woolworths.com.au/shop/productdetails/148103/three-threes-mightymite-spread,https://assets.woolworths.com.au/images/1005/148103.jpg?impolicy=wowsmkqiema&w=260&h=260,$3.50,$1.21 / 100G,,, Add to cart , Save to list 
Woolworths Tropical Fruit In Juice 4 Pack,https://www.woolworths.com.au/shop/productdetails/680044/woolworths-tropical-fruit-in-juice,https://assets.woolworths.com.au/images/1005/680044.jpg?impolicy=wowsmkqiema&w=260&h=260,$2.20,$4.40 / 1KG,3.3,264, Add to cart , Save to list 
Masterfoods Marinade Honey Bbq 375g,https://www.woolworths.com.au/shop/productdetails/701846/masterfoods-marinade-honey-bbq,https://assets.woolworths.com.au/images/1005/701846.jpg?impolicy=wowsmkqiema&w=260&h=260,$4.50,$1.20 / 100G,,, Add to cart , Save to list 
Miso Tasty White Miso Paste 200g,https://www.woolworths.com.au/shop/productdetails/122044/miso-tasty-white-miso-paste,https://assets.woolworths.com.au/images/1005/122044.jpg?impolicy=wowsmkqiema&w=260&h=260,$4.50,$2.25 / 100G,,, Add to cart , Save to list 
Nature's Cuppa English Breakfast Tea Bags 60 Pack 150g,https://www.woolworths.com.au/shop/productdetails/229774/nature-s-cuppa-english-breakfast-tea-bags,https://assets.woolworths.com.au/images/1005/229774.jpg?impolicy=wowsmkqiema&w=260&h=260,$7.00,$0.12 / 1EA,,, Add to cart , Save to list 
Ayam Paste Thai Massaman Curry 195g,https://www.woolworths.com.au/shop/productdetails/354384/ayam-paste-thai-massaman-curry,https://assets.woolworths.com.au/images/1005/354384.jpg?impolicy=wowsmkqiema&w=260&h=260,$4.00,$2.05 / 100G,,, Add to cart , Save to list 
Heinz Beanz Baked Beans Salt Reduced 555g,https://www.woolworths.com.au/shop/productdetails/657425/heinz-beanz-baked-beans-salt-reduced-salt-reduced,https://assets.woolworths.com.au/images/1005/657425.jpg?impolicy=wowsmkqiema&w=260&h=260,$3.50,$0.63 / 100G,,, Add to cart , Save to list 
Pandaroo Sweetened Condensed Coconut Milk 320g,https://www.woolworths.com.au/shop/productdetails/861611/pandaroo-sweetened-condensed-coconut-milk,https://assets.woolworths.com.au/images/1005/861611.jpg?impolicy=wowsmkqiema&w=260&h=260,$4.00,$1.25 / 100G,,, Add to cart , Save to list 
Patak's Korma Curry Simmer Sauce Sauce 450g,https://www.woolworths.com.au/shop/productdetails/580625/patak-s-korma-curry-simmer-sauce-sauce,https://assets.woolworths.com.au/images/1005/580625.jpg?impolicy=wowsmkqiema&w=260&h=260,$3.50,$0.78 / 100G,,, Add to cart , Save to list 
Valcom Paste Laksa 230g,https://www.woolworths.com.au/shop/productdetails/250298/valcom-paste-laksa,https://assets.woolworths.com.au/images/1005/250298.jpg?impolicy=wowsmkqiema&w=260&h=260,$3.40,$1.48 / 100G,,, Add to cart , Save to list 
Dilmah Family Pack Loose Leaf Tea 500g,https://www.woolworths.com.au/shop/productdetails/200224/dilmah-family-pack-loose-leaf-tea,https://assets.woolworths.com.au/images/1005/200224.jpg?impolicy=wowsmkqiema&w=260&h=260,$9.00,$1.80 / 100G,,, Add to cart , Save to list 
Dilmah Tea Bags 300 Pack,https://www.woolworths.com.au/shop/productdetails/254408/dilmah-tea-bags,https://assets.woolworths.com.au/images/1005/254408.jpg?impolicy=wowsmkqiema&w=260&h=260,$14.50,$0.05 / 1EA,,, Add to cart , Save to list 
Gravox Cheese Sauce Mix 29g,https://www.woolworths.com.au/shop/productdetails/757571/gravox-cheese-sauce-mix-cheese,https://assets.woolworths.com.au/images/1005/757571.jpg?impolicy=wowsmkqiema&w=260&h=260,$1.50,$0.52 / 10G,,, Add to cart , Save to list 
Old El Paso Tortilla Pocket Kit 375g,https://www.woolworths.com.au/shop/productdetails/108174/old-el-paso-tortilla-pocket-kit,https://assets.woolworths.com.au/images/1005/108174.jpg?impolicy=wowsmkqiema&w=260&h=260,$6.65,$1.77 / 100G,,, Add to cart , Save to list 
Masterfoods Mild Chicken Curry Slow Cook Sauce 490g,https://www.woolworths.com.au/shop/productdetails/777842/masterfoods-mild-chicken-curry-slow-cook-sauce,https://assets.woolworths.com.au/images/1005/777842.jpg?impolicy=wowsmkqiema&w=260&h=260,$3.00,$0.61 / 100G,,, Add to cart , Save to list 
Goulburn Valley Apricot Halves In Juice 700g,https://www.woolworths.com.au/shop/productdetails/784136/goulburn-valley-apricot-halves-in-juice,https://assets.woolworths.com.au/images/1005/784136.jpg?impolicy=wowsmkqiema&w=260&h=260,$4.60,$6.57 / 1KG,4.0,1, Add to cart , Save to list 
Woolworths Almond Meal 400g,https://www.woolworths.com.au/shop/productdetails/610610/woolworths-almond-meal,https://assets.woolworths.com.au/images/1005/610610.jpg?impolicy=wowsmkqiema&w=260&h=260,$6.50,$16.25 / 1KG,4.6,418, Add to cart , Save to list 
Sanitarium Natural Smooth Peanut Butter 375g,https://www.woolworths.com.au/shop/productdetails/476935/sanitarium-natural-smooth-peanut-butter,https://assets.woolworths.com.au/images/1005/476935.jpg?impolicy=wowsmkqiema&w=260&h=260,$3.50,$0.93 / 100G,,, Add to cart , Save to list 
Woolworths Pine Nuts 180g,https://www.woolworths.com.au/shop/productdetails/726356/woolworths-pine-nuts,https://assets.woolworths.com.au/images/1005/726356.jpg?impolicy=wowsmkqiema&w=260&h=260,$9.20,$51.11 / 1KG,4.6,609, Add to cart , Save to list 
Monini White Truffle Extra Virgin Olive Oil 250ml,https://www.woolworths.com.au/shop/productdetails/165920/monini-white-truffle-extra-virgin-olive-oil,https://assets.woolworths.com.au/images/1005/165920.jpg?impolicy=wowsmkqiema&w=260&h=260,$6.00,$2.40 / 100ML,,, Add to cart , Save to list 
Woolworths Cooking Chocolate White 200g,https://www.woolworths.com.au/shop/productdetails/256893/woolworths-cooking-chocolate-white,https://assets.woolworths.com.au/images/1005/256893.jpg?impolicy=wowsmkqiema&w=260&h=260,$2.50,$1.25 / 100G,4.5,580, Add to cart , Save to list 
Lipton Quality Black Leaf Tea Intense 100 Pack,https://www.woolworths.com.au/shop/productdetails/228523/lipton-quality-black-leaf-tea-intense,https://assets.woolworths.com.au/images/1005/228523.jpg?impolicy=wowsmkqiema&w=260&h=260,$6.60,$0.07 / 1EA,,, Add to cart , Save to list 
Mccormick Scalloped Potatoes Recipe Base 40g,https://www.woolworths.com.au/shop/productdetails/591719/mccormick-scalloped-potatoes-recipe-base,https://assets.woolworths.com.au/images/1005/591719.jpg?impolicy=wowsmkqiema&w=260&h=260,$1.60,$4.00 / 100G,,, Add to cart , Save to list 
Mckenzie's Bi Carb Soda 350g,https://www.woolworths.com.au/shop/productdetails/347118/mckenzie-s-bi-carb-soda,https://assets.woolworths.com.au/images/1005/347118.jpg?impolicy=wowsmkqiema&w=260&h=260,$4.50,$1.29 / 100G,,, Add to cart , Save to list 
The Sauce By Manu Diane Sauce 150g,https://www.woolworths.com.au/shop/productdetails/156065/the-sauce-by-manu-diane-sauce,https://assets.woolworths.com.au/images/1005/156065.jpg?impolicy=wowsmkqiema&w=260&h=260,$5.00,$3.33 / 100G,,, Add to cart , Save to list 
Woolworths Jelly Port Wine 85g,https://www.woolworths.com.au/shop/productdetails/294264/woolworths-jelly-port-wine,https://assets.woolworths.com.au/images/1005/294264.jpg?impolicy=wowsmkqiema&w=260&h=260,$0.95,$1.12 / 100G,4.4,174, Add to cart , Save to list 
Al Wadi Rose Water 300ml,https://www.woolworths.com.au/shop/productdetails/194482/al-wadi-rose-water,https://assets.woolworths.com.au/images/1005/194482.jpg?impolicy=wowsmkqiema&w=260&h=260,$2.50,$0.83 / 100ML,,, Add to cart , Save to list 
Edgell Black Beans 125g X4 Pack,https://www.woolworths.com.au/shop/productdetails/679071/edgell-black-beans,https://assets.woolworths.com.au/images/1005/679071.jpg?impolicy=wowsmkqiema&w=260&h=260,$3.80,$7.60 / 1KG,,, Add to cart , Save to list 
Kellogg's Pop Tarts Frosted Cookies & Crème Toaster Pastries 384g,https://www.woolworths.com.au/shop/productdetails/152456/kelloggs-pop-tarts-frosted-cookies-cr-me-toaster-pastries,https://assets.woolworths.com.au/images/1005/152456.jpg?impolicy=wowsmkqiema&w=260&h=260,$7.00,$1.82 / 100G,,, Add to cart , Save to list 
Lipton Quality Tips Loose Leaf Tea 250g,https://www.woolworths.com.au/shop/productdetails/33817/lipton-quality-tips-loose-leaf-tea,https://assets.woolworths.com.au/images/1005/33817.jpg?impolicy=wowsmkqiema&w=260&h=260,$4.39,$1.76 / 100G,,, Add to cart , Save to list 
Masterfoods Cinnamon Ground 28g,https://www.woolworths.com.au/shop/productdetails/36353/masterfoods-cinnamon-ground,https://assets.woolworths.com.au/images/1005/36353.jpg?impolicy=wowsmkqiema&w=260&h=260,$2.20,$0.79 / 10G,,, Add to cart , Save to list 
Paul Newman's Dressings Creamy Caesar 250ml,https://www.woolworths.com.au/shop/productdetails/213198/paul-newman-s-dressings-creamy-caesar,https://assets.woolworths.com.au/images/1005/213198.jpg?impolicy=wowsmkqiema&w=260&h=260,$3.00,$1.20 / 100ML,,, Add to cart , Save to list 
Woolworths Apricot Halves In Syrup 825g,https://www.woolworths.com.au/shop/productdetails/88208/woolworths-apricot-halves-in-syrup,https://assets.woolworths.com.au/images/1005/88208.jpg?impolicy=wowsmkqiema&w=260&h=260,$3.50,$4.24 / 1KG,,, Add to cart , Save to list 
Leggo's Organic Tomato And Veggies Pasta Sauce 500g,https://www.woolworths.com.au/shop/productdetails/150665/leggo-s-organic-tomato-and-veggies-pasta-sauce,https://assets.woolworths.com.au/images/1005/150665.jpg?impolicy=wowsmkqiema&w=260&h=260,$5.00,$1.00 / 100G,,, Add to cart , Save to list 
Heinz Beanz Baked Beans No Added Sugar Multipack 220g X3 Pack,https://www.woolworths.com.au/shop/productdetails/3471/heinz-beanz-baked-beans-no-added-sugar-multipack,https://assets.woolworths.com.au/images/1005/3471.jpg?impolicy=wowsmkqiema&w=260&h=260,$4.90,$0.74 / 100G,,, Add to cart , Save to list 
La Molisana Extra Di Lusso Egg Pappardelle 250g,https://www.woolworths.com.au/shop/productdetails/123905/la-molisana-extra-di-lusso-egg-pappardelle,https://assets.woolworths.com.au/images/1005/123905.jpg?impolicy=wowsmkqiema&w=260&h=260,$3.50,$1.40 / 100G,4.6,421, Add to cart , Save to list 
Mingle Hearty Stroganoff Spice Blend 30g,https://www.woolworths.com.au/shop/productdetails/136241/mingle-hearty-stroganoff-spice-blend,https://assets.woolworths.com.au/images/1005/136241.jpg?impolicy=wowsmkqiema&w=260&h=260,,,,,, Save to list 
Nice & Natural Thick Shake Bars Strawberry Flavour 6 Pack,https://www.woolworths.com.au/shop/productdetails/237381/nice-natural-thick-shake-bars-strawberry-flavour,https://assets.woolworths.com.au/images/1005/237381.jpg?impolicy=wowsmkqiema&w=260&h=260,$5.00,$4.17 / 100G,,, Add to cart , Save to list 
Woolworths Freeze Dried Coffee Original 100g,https://www.woolworths.com.au/shop/productdetails/347032/woolworths-freeze-dried-coffee-original,https://assets.woolworths.com.au/images/1005/347032.jpg?impolicy=wowsmkqiema&w=260&h=260,$4.00,$4.00 / 100G,3.5,933, Add to cart , Save to list 
Continental Recipe Base Chow Mein Mince 30g,https://www.woolworths.com.au/shop/productdetails/54373/continental-recipe-base-chow-mein-mince,https://assets.woolworths.com.au/images/1005/54373.jpg?impolicy=wowsmkqiema&w=260&h=260,$1.80,$6.00 / 100G,,, Add to cart , Save to list 
Masterfoods Sausage Hot Pot Slow Cook Recipe Base 175g,https://www.woolworths.com.au/shop/productdetails/323393/masterfoods-sausage-hot-pot-slow-cook-recipe-base,https://assets.woolworths.com.au/images/1005/323393.jpg?impolicy=wowsmkqiema&w=260&h=260,$2.80,$1.60 / 100G,,, Add to cart , Save to list 
Nando's Perinaise Garlic Peri-peri Mayonnaise Sauce 265g,https://www.woolworths.com.au/shop/productdetails/94176/nando-s-perinaise-garlic-peri-peri-mayonnaise-sauce,https://assets.woolworths.com.au/images/1005/94176.jpg?impolicy=wowsmkqiema&w=260&h=260,$4.80,$1.81 / 100G,,, Add to cart , Save to list 
Natvia Gold Sweetener 250g,https://www.woolworths.com.au/shop/productdetails/104327/natvia-gold-sweetener,https://assets.woolworths.com.au/images/1005/104327.jpg?impolicy=wowsmkqiema&w=260&h=260,$6.80,$2.72 / 100G,,, Add to cart , Save to list 
Dairylea Cheestik Sticks 240g,https://www.woolworths.com.au/shop/productdetails/64076/dairylea-cheestik-sticks,https://assets.woolworths.com.au/images/1005/64076.jpg?impolicy=wowsmkqiema&w=260&h=260,$6.00,$25.00 / 1KG,,, Add to cart , Save to list 
Madura Earl Grey Tea Bags 50 Pack 100g,https://www.woolworths.com.au/shop/productdetails/65701/madura-earl-grey-tea-bags,https://assets.woolworths.com.au/images/1005/65701.jpg?impolicy=wowsmkqiema&w=260&h=260,$5.45,$0.11 / 1EA,,, Add to cart , Save to list 
Mr Chen's Oyster Sauce 250ml,https://www.woolworths.com.au/shop/productdetails/122359/mr-chen-s-oyster-sauce,https://assets.woolworths.com.au/images/1005/122359.jpg?impolicy=wowsmkqiema&w=260&h=260,$2.25,$0.90 / 100ML,,, Add to cart , Save to list 
Harvest Beef Irish Stew 425g,https://www.woolworths.com.au/shop/productdetails/33996/harvest-beef-irish-stew,https://assets.woolworths.com.au/images/1005/33996.jpg?impolicy=wowsmkqiema&w=260&h=260,$5.00,$11.76 / 1KG,,, Add to cart , Save to list 
Sole Mare Anchovy Fillets In Olive Oil 70g,https://www.woolworths.com.au/shop/productdetails/120028/sole-mare-anchovy-fillets-in-olive-oil,https://assets.woolworths.com.au/images/1005/120028.jpg?impolicy=wowsmkqiema&w=260&h=260,$3.80,$54.29 / 1KG,,, Add to cart , Save to list 
Tetley Decaffeinated Green Tea Bags 50 Pack,https://www.woolworths.com.au/shop/productdetails/262434/tetley-decaffeinated-green-tea-bags,https://assets.woolworths.com.au/images/1005/262434.jpg?impolicy=wowsmkqiema&w=260&h=260,$4.70,$0.09 / 1EA,,, Add to cart , Save to list 
Mug Shot Tomato & Herb Pasta 64g,https://www.woolworths.com.au/shop/productdetails/108509/mug-shot-tomato-herb-pasta,https://assets.woolworths.com.au/images/1005/108509.jpg?impolicy=wowsmkqiema&w=260&h=260,$1.30,$2.03 / 100G,,, Add to cart , Save to list 
Nestle Milo Breakfast Cereal 1.12kg,https://www.woolworths.com.au/shop/productdetails/186991/nestle-milo-breakfast-cereal,https://assets.woolworths.com.au/images/1005/186991.jpg?impolicy=wowsmkqiema&w=260&h=260,$10.00,$0.89 / 100G,,, Add to cart , Save to list 
Csr Specialty Sugar Jam Setting 500g,https://www.woolworths.com.au/shop/productdetails/720458/csr-specialty-sugar-jam-setting,https://assets.woolworths.com.au/images/1005/720458.jpg?impolicy=wowsmkqiema&w=260&h=260,$2.65,$0.53 / 100G,,, Add to cart , Save to list 
Heinz Plant Proteinz Vegetarian Mexican Corn Black Bean Soup 330g,https://www.woolworths.com.au/shop/productdetails/83319/heinz-plant-proteinz-vegetarian-mexican-corn-black-bean-soup,https://assets.woolworths.com.au/images/1005/83319.jpg?impolicy=wowsmkqiema&w=260&h=260,$3.50,$1.06 / 100G,,, Add to cart , Save to list 
Moccona Coffee Sachets Caramel Latte 10 Pack,https://www.woolworths.com.au/shop/productdetails/175028/moccona-coffee-sachets-caramel-latte,https://assets.woolworths.com.au/images/1005/175028.jpg?impolicy=wowsmkqiema&w=260&h=260,$3.50,$0.35 / 1EA,5.0,1, Add to cart , Save to list 
Nola Ouma Butter Milk Rusks Chunky 500g,https://www.woolworths.com.au/shop/productdetails/265970/nola-ouma-butter-milk-rusks-chunky,https://assets.woolworths.com.au/images/1005/265970.jpg?impolicy=wowsmkqiema&w=260&h=260,$7.35,$1.47 / 100G,,, Add to cart , Save to list 
Woolworths Plantitude Satay Tofu With Jasmine Rice 350g,https://www.woolworths.com.au/shop/productdetails/72640/woolworths-plantitude-satay-tofu-with-jasmine-rice,https://assets.woolworths.com.au/images/1005/72640.jpg?impolicy=wowsmkqiema&w=260&h=260,$5.00,$1.43 / 100G,3.6,256, Add to cart , Save to list 
Cadbury Baking Milk Chocolate Block 180g,https://www.woolworths.com.au/shop/productdetails/813865/cadbury-baking-milk-chocolate-block,https://assets.woolworths.com.au/images/1005/813865.jpg?impolicy=wowsmkqiema&w=260&h=260,$2.70,$1.50 / 100G,,, Add to cart , Save to list 
Woolworths Pear In Juice Cups 4 Pack,https://www.woolworths.com.au/shop/productdetails/680043/woolworths-pear-in-juice-cups,https://assets.woolworths.com.au/images/1005/680043.jpg?impolicy=wowsmkqiema&w=260&h=260,$2.20,$4.40 / 1KG,3.6,355, Add to cart , Save to list 
Lotus Biscoff Spread Crunchy 380g,https://www.woolworths.com.au/shop/productdetails/58497/lotus-biscoff-spread-crunchy,https://assets.woolworths.com.au/images/1005/58497.jpg?impolicy=wowsmkqiema&w=260&h=260,$6.50,$1.71 / 100G,,, Add to cart , Save to list 
White Wings Chocolate Mousse Mix 200g,https://www.woolworths.com.au/shop/productdetails/141729/white-wings-chocolate-mousse-mix,https://assets.woolworths.com.au/images/1005/141729.jpg?impolicy=wowsmkqiema&w=260&h=260,$3.60,$1.80 / 100G,,, Add to cart , Save to list 
Indomie Mi Goreng Fried Noodles 85g,https://www.woolworths.com.au/shop/productdetails/110285/indomie-mi-goreng-fried-noodles,https://assets.woolworths.com.au/images/1005/110285.jpg?impolicy=wowsmkqiema&w=260&h=260,$1.00,$1.18 / 100G,,, Add to cart , Save to list 
Kellogg's Just Right Apricot & Sultana Breakfast Cereal 740g,https://www.woolworths.com.au/shop/productdetails/200133/kelloggs-just-right-apricot-sultana-breakfast-cereal,https://assets.woolworths.com.au/images/1005/200133.jpg?impolicy=wowsmkqiema&w=260&h=260,$9.50,$1.28 / 100G,,, Add to cart , Save to list 
San Remo Gluten Free Gnocchi 500g,https://www.woolworths.com.au/shop/productdetails/116403/san-remo-gluten-free-gnocchi,https://assets.woolworths.com.au/images/1005/116403.jpg?impolicy=wowsmkqiema&w=260&h=260,$5.50,$1.10 / 100G,,, Add to cart , Save to list 
Sanitarium Up&go Liquid Breakfast No Added Sugar Vanilla Ice 250ml X6 Pack,https://www.woolworths.com.au/shop/productdetails/77956/sanitarium-up-go-liquid-breakfast-no-added-sugar-vanilla-ice,https://assets.woolworths.com.au/images/1005/77956.jpg?impolicy=wowsmkqiema&w=260&h=260,$10.50,$7.00 / 1L,,, Add to cart , Save to list 
Sunquick Ice Lollies Orange 10 Pack,https://www.woolworths.com.au/shop/productdetails/176656/sunquick-ice-lollies-orange,https://assets.woolworths.com.au/images/1005/176656.jpg?impolicy=wowsmkqiema&w=260&h=260,$6.00,$1.00 / 100ML,,, Add to cart , Save to list 
Angas Park Prunes Pitted 250g,https://www.woolworths.com.au/shop/productdetails/39122/angas-park-prunes-pitted,https://assets.woolworths.com.au/images/1005/39122.jpg?impolicy=wowsmkqiema&w=260&h=260,$5.30,$21.20 / 1KG,,, Add to cart , Save to list 
Nestle Bakers' Choice White Choc Melts 290g,https://www.woolworths.com.au/shop/productdetails/490010/nestle-bakers-choice-white-choc-melts,https://assets.woolworths.com.au/images/1005/490010.jpg?impolicy=wowsmkqiema&w=260&h=260,$5.00,$1.72 / 100G,,, Add to cart , Save to list 
Hoyts Mixed Herbs 70g,https://www.woolworths.com.au/shop/productdetails/33287/hoyts-mixed-herbs,https://assets.woolworths.com.au/images/1005/33287.jpg?impolicy=wowsmkqiema&w=260&h=260,$3.80,$0.54 / 10G,,, Add to cart , Save to list 
White Wings Plain Flour Wholemeal 1kg,https://www.woolworths.com.au/shop/productdetails/228764/white-wings-plain-flour-wholemeal,https://assets.woolworths.com.au/images/1005/228764.jpg?impolicy=wowsmkqiema&w=260&h=260,$3.10,$3.10 / 1KG,,, Add to cart , Save to list 
Amoy Sauce Oyster 555g,https://www.woolworths.com.au/shop/productdetails/744054/amoy-sauce-oyster,https://assets.woolworths.com.au/images/1005/744054.jpg?impolicy=wowsmkqiema&w=260&h=260,$3.60,$0.65 / 100G,,, Add to cart , Save to list 
Kellogg's Just Right Apricot & Sultana Breakfast Cereal Value Pack 1.1kg,https://www.woolworths.com.au/shop/productdetails/203048/kelloggs-just-right-apricot-sultana-breakfast-cereal-value-pack,https://assets.woolworths.com.au/images/1005/203048.jpg?impolicy=wowsmkqiema&w=260&h=260,$11.00,$1.00 / 100G,,, Add to cart , Save to list 
Old El Paso Burrito Dinner Kit 485g,https://www.woolworths.com.au/shop/productdetails/68619/old-el-paso-burrito-dinner-kit,https://assets.woolworths.com.au/images/1005/68619.jpg?impolicy=wowsmkqiema&w=260&h=260,$5.25,$1.08 / 100G,,, Add to cart , Save to list 
Patak's Ready To Eat Pappadums Mini Plain Original 75g,https://www.woolworths.com.au/shop/productdetails/210164/patak-s-ready-to-eat-pappadums-mini-plain-original,https://assets.woolworths.com.au/images/1005/210164.jpg?impolicy=wowsmkqiema&w=260&h=260,$3.50,$4.67 / 100G,,, Add to cart , Save to list 
Spc Apple & Pear Puree Cups 4 X 120g,https://www.woolworths.com.au/shop/productdetails/105212/spc-apple-pear-puree-cups,https://assets.woolworths.com.au/images/1005/105212.jpg?impolicy=wowsmkqiema&w=260&h=260,$4.50,$9.38 / 1KG,,, Add to cart , Save to list 
Continental Classics Chilli Con Carne Recipe Base Family Pack 40g,https://www.woolworths.com.au/shop/productdetails/54375/continental-classics-chilli-con-carne-recipe-base-family-pack,https://assets.woolworths.com.au/images/1005/54375.jpg?impolicy=wowsmkqiema&w=260&h=260,$1.80,$4.50 / 100G,,, Add to cart , Save to list 
Continental Snack Pot Cheesy Rice Serves 1 79g,https://www.woolworths.com.au/shop/productdetails/106331/continental-snack-pot-cheesy-rice-serves-1,https://assets.woolworths.com.au/images/1005/106331.jpg?impolicy=wowsmkqiema&w=260&h=260,$2.00,$2.53 / 100G,,, Add to cart , Save to list 
Cadbury Baking Dark Chocolate Melts 225g,https://www.woolworths.com.au/shop/productdetails/829009/cadbury-baking-dark-chocolate-melts,https://assets.woolworths.com.au/images/1005/829009.jpg?impolicy=wowsmkqiema&w=260&h=260,$2.70,$1.20 / 100G,,, Add to cart , Save to list 
International Roast Instant Coffee 500g,https://www.woolworths.com.au/shop/productdetails/34709/international-roast-instant-coffee,https://assets.woolworths.com.au/images/1005/34709.jpg?impolicy=wowsmkqiema&w=260&h=260,$14.00,$2.80 / 100G,,, Add to cart , Save to list 
Snacktacular Fruity Pouch Fruit Puree Apple & Mixed Berries 4 Pack,https://www.woolworths.com.au/shop/productdetails/99412/snacktacular-fruity-pouch-fruit-puree-apple-mixed-berries,https://assets.woolworths.com.au/images/1005/99412.jpg?impolicy=wowsmkqiema&w=260&h=260,$4.00,$11.11 / 1KG,,, Add to cart , Save to list 
Aeroplane Jelly Lite Watermelon Flavour Low Calorie Jelly Crystals 2x9g,https://www.woolworths.com.au/shop/productdetails/240465/aeroplane-jelly-lite-watermelon-flavour-low-calorie-jelly-crystals,https://assets.woolworths.com.au/images/1005/240465.jpg?impolicy=wowsmkqiema&w=260&h=260,$2.20,$12.22 / 100G,,, Add to cart , Save to list 
Sunquick Ice Lollies Raspberry 10 Pack,https://www.woolworths.com.au/shop/productdetails/176505/sunquick-ice-lollies-raspberry,https://assets.woolworths.com.au/images/1005/176505.jpg?impolicy=wowsmkqiema&w=260&h=260,$6.00,$1.00 / 100ML,,, Add to cart , Save to list 
Leggos Providore Tomato & Pepper 400g,https://www.woolworths.com.au/shop/productdetails/957591/leggos-providore-tomato-pepper,https://assets.woolworths.com.au/images/1005/957591.jpg?impolicy=wowsmkqiema&w=260&h=260,$6.00,$1.50 / 100G,,, Add to cart , Save to list 
Australia's Own A2 Full Cream Uht Milk 6 Pack,https://www.woolworths.com.au/shop/productdetails/108593/australia-s-own-a2-full-cream-uht-milk,https://assets.woolworths.com.au/images/1005/108593.jpg?impolicy=wowsmkqiema&w=260&h=260,$5.00,$4.17 / 1L,,, Add to cart , Save to list 
Cottee's Blackberry Jam 500g,https://www.woolworths.com.au/shop/productdetails/33561/cottees-blackberry-jam-blackberry,https://assets.woolworths.com.au/images/1005/33561.jpg?impolicy=wowsmkqiema&w=260&h=260,$3.00,$0.60 / 100G,,, Add to cart , Save to list 
Masterfoods Dried Italian Herbs 10g,https://www.woolworths.com.au/shop/productdetails/92156/masterfoods-dried-italian-herbs,https://assets.woolworths.com.au/images/1005/92156.jpg?impolicy=wowsmkqiema&w=260&h=260,$2.70,$2.70 / 10G,,, Add to cart , Save to list 
Woolworths Chicken Massaman With Jasmine Rice 350g,https://www.woolworths.com.au/shop/productdetails/825617/woolworths-chicken-massaman-with-jasmine-rice,https://assets.woolworths.com.au/images/1005/825617.jpg?impolicy=wowsmkqiema&w=260&h=260,,,3.6,1104,, Save to list 
Woolworths Pineapple In Juice 4 Pack,https://www.woolworths.com.au/shop/productdetails/569807/woolworths-pineapple-in-juice,https://assets.woolworths.com.au/images/1005/569807.jpg?impolicy=wowsmkqiema&w=260&h=260,$2.20,$4.40 / 1KG,3.7,285, Add to cart , Save to list 
F. Whitlock & Sons Caramelised Onion Relish 275g,https://www.woolworths.com.au/shop/productdetails/466162/f-whitlock-sons-caramelised-onion-relish,https://assets.woolworths.com.au/images/1005/466162.jpg?impolicy=wowsmkqiema&w=260&h=260,$4.50,$1.64 / 100G,,, Add to cart , Save to list 
Lighthouse Bread And Pizza Plain Flour 1kg,https://www.woolworths.com.au/shop/productdetails/262665/lighthouse-bread-and-pizza-plain-flour,https://assets.woolworths.com.au/images/1005/262665.jpg?impolicy=wowsmkqiema&w=260&h=260,$3.85,$3.85 / 1KG,,, Add to cart , Save to list 
Masterfoods Smoked Paprika 35g,https://www.woolworths.com.au/shop/productdetails/580620/masterfoods-smoked-paprika,https://assets.woolworths.com.au/images/1005/580620.jpg?impolicy=wowsmkqiema&w=260&h=260,$3.50,$1.00 / 10G,5.0,1, Add to cart , Save to list 
Old El Paso Mexican Mild Enchilada Sauce 375g,https://www.woolworths.com.au/shop/productdetails/19977/old-el-paso-mexican-mild-enchilada-sauce,https://assets.woolworths.com.au/images/1005/19977.jpg?impolicy=wowsmkqiema&w=260&h=260,$5.00,$1.33 / 100G,,, Add to cart , Save to list 
Spc Pears Sliced In Natural Juice No Added Sugar 825g,https://www.woolworths.com.au/shop/productdetails/76291/spc-pears-sliced-in-natural-juice-no-added-sugar,https://assets.woolworths.com.au/images/1005/76291.jpg?impolicy=wowsmkqiema&w=260&h=260,$4.00,$4.85 / 1KG,,, Add to cart , Save to list 
Mckenzie's Baking Powder 300g,https://www.woolworths.com.au/shop/productdetails/574616/mckenzie-s-baking-powder,https://assets.woolworths.com.au/images/1005/574616.jpg?impolicy=wowsmkqiema&w=260&h=260,$5.56,$1.85 / 100G,,, Add to cart , Save to list 
Masterfoods Ground Coriander 25g,https://www.woolworths.com.au/shop/productdetails/32599/masterfoods-ground-coriander,https://assets.woolworths.com.au/images/1005/32599.jpg?impolicy=wowsmkqiema&w=260&h=260,$2.40,$0.96 / 10G,5.0,1, Add to cart , Save to list 
Mckenzie's Green Lentil Whole 1kg,https://www.woolworths.com.au/shop/productdetails/439264/mckenzie-s-green-lentil-whole,https://assets.woolworths.com.au/images/1005/439264.jpg?impolicy=wowsmkqiema&w=260&h=260,$4.80,$0.48 / 100G,,, Add to cart , Save to list 
Ito En Matcha Green Tea Traditional 20 Pack,https://www.woolworths.com.au/shop/productdetails/426222/ito-en-matcha-green-tea-traditional,https://assets.woolworths.com.au/images/1005/426222.jpg?impolicy=wowsmkqiema&w=260&h=260,$6.00,$0.30 / 1EA,,, Add to cart , Save to list 
Kellogg's Special K Gluten Free Breakfast Cereal 330g,https://www.woolworths.com.au/shop/productdetails/428309/kelloggs-special-k-gluten-free-breakfast-cereal,https://assets.woolworths.com.au/images/1005/428309.jpg?impolicy=wowsmkqiema&w=260&h=260,$5.60,$1.70 / 100G,4.6,25, Add to cart , Save to list 
Sashi's Secret Beef Rendang Curry Kit 385g,https://www.woolworths.com.au/shop/productdetails/68184/sashi-s-secret-beef-rendang-curry-kit,https://assets.woolworths.com.au/images/1005/68184.jpg?impolicy=wowsmkqiema&w=260&h=260,$6.00,$1.56 / 100G,,, Add to cart , Save to list 
Always Fresh Asparagus In Springwater 340g,https://www.woolworths.com.au/shop/productdetails/192826/always-fresh-asparagus-in-springwater,https://assets.woolworths.com.au/images/1005/192826.jpg?impolicy=wowsmkqiema&w=260&h=260,$5.60,$1.65 / 100G,,, Add to cart , Save to list 
Masterfoods Perfect For Chicken Spice Blend 20g,https://www.woolworths.com.au/shop/productdetails/234786/masterfoods-perfect-for-chicken-spice-blend,https://assets.woolworths.com.au/images/1005/234786.jpg?impolicy=wowsmkqiema&w=260&h=260,$2.50,$1.25 / 10G,,, Add to cart , Save to list 
Nestle Bakers' Choice Milk Choc Melts 290g,https://www.woolworths.com.au/shop/productdetails/490001/nestle-bakers-choice-milk-choc-melts,https://assets.woolworths.com.au/images/1005/490001.jpg?impolicy=wowsmkqiema&w=260&h=260,$5.00,$1.72 / 100G,,, Add to cart , Save to list 
The Dutch Company Confectionary 4 Syrup Wafers 125g,https://www.woolworths.com.au/shop/productdetails/291451/the-dutch-company-confectionary-4-syrup-wafers,https://assets.woolworths.com.au/images/1005/291451.jpg?impolicy=wowsmkqiema&w=260&h=260,$3.05,$2.44 / 100G,,, Add to cart , Save to list 
Heinz Ravioli With Creamy Tomato 350g,https://www.woolworths.com.au/shop/productdetails/220991/heinz-ravioli-with-creamy-tomato,https://assets.woolworths.com.au/images/1005/220991.jpg?impolicy=wowsmkqiema&w=260&h=260,$5.30,$1.51 / 100G,,, Add to cart , Save to list 
Kraft Grated Parmesan Cheese Cannister 250g,https://www.woolworths.com.au/shop/productdetails/35143/kraft-grated-parmesan-cheese-cannister,https://assets.woolworths.com.au/images/1005/35143.jpg?impolicy=wowsmkqiema&w=260&h=260,$9.00,$36.00 / 1KG,,, Add to cart , Save to list 
L'or Espresso Supremo Intensity 10 Coffee Capsules 10 Pack,https://www.woolworths.com.au/shop/productdetails/603806/l-or-espresso-supremo-intensity-10-coffee-capsules,https://assets.woolworths.com.au/images/1005/603806.jpg?impolicy=wowsmkqiema&w=260&h=260,$5.50,$0.55 / 1EA,,, Add to cart , Save to list 
Moccona Freeze Dried Instant Coffee Classic Dark Roast 200g,https://www.woolworths.com.au/shop/productdetails/248520/moccona-freeze-dried-instant-coffee-classic-dark-roast,https://assets.woolworths.com.au/images/1005/248520.jpg?impolicy=wowsmkqiema&w=260&h=260,$12.50,$6.25 / 100G,,, Add to cart , Save to list 
Fantastic Oriental Noodle Cup 70g,https://www.woolworths.com.au/shop/productdetails/48736/fantastic-oriental-noodle-cup,https://assets.woolworths.com.au/images/1005/48736.jpg?impolicy=wowsmkqiema&w=260&h=260,$1.95,$2.79 / 100G,,, Add to cart , Save to list 
Madame Flavour Lemongrass Lime & Ginger Tea Pods 18 Pack,https://www.woolworths.com.au/shop/productdetails/791769/madame-flavour-lemongrass-lime-ginger-tea-pods,https://assets.woolworths.com.au/images/1005/791769.jpg?impolicy=wowsmkqiema&w=260&h=260,$7.00,$0.39 / 1EA,,, Add to cart , Save to list 
Woolworths Garlic Granules 45g,https://www.woolworths.com.au/shop/productdetails/251014/woolworths-garlic-granules,https://assets.woolworths.com.au/images/1005/251014.jpg?impolicy=wowsmkqiema&w=260&h=260,$2.00,$0.44 / 10G,,, Add to cart , Save to list 
Dinner Winner Pasta Beef 153g,https://www.woolworths.com.au/shop/productdetails/606763/dinner-winner-pasta-beef,https://assets.woolworths.com.au/images/1005/606763.jpg?impolicy=wowsmkqiema&w=260&h=260,$4.50,$2.94 / 100G,,, Add to cart , Save to list 
Gravox Roast Pork Liquid Gravy Pouch 165g,https://www.woolworths.com.au/shop/productdetails/297216/gravox-roast-pork-liquid-gravy-pouch-roast-pork,https://assets.woolworths.com.au/images/1005/297216.jpg?impolicy=wowsmkqiema&w=260&h=260,$3.50,$2.12 / 100G,,, Add to cart , Save to list 
Vetta Smart Protein Plain Flour 1kg,https://www.woolworths.com.au/shop/productdetails/142314/vetta-smart-protein-plain-flour,https://assets.woolworths.com.au/images/1005/142314.jpg?impolicy=wowsmkqiema&w=260&h=260,$4.50,$4.50 / 1KG,,, Add to cart , Save to list 
Heinz Seriously Good Mayonnaise Vegan Mayo 270ml,https://www.woolworths.com.au/shop/productdetails/164531/heinz-seriously-good-mayonnaise-vegan-mayo,https://assets.woolworths.com.au/images/1005/164531.jpg?impolicy=wowsmkqiema&w=260&h=260,$5.50,$2.04 / 100ML,,, Add to cart , Save to list 
L'or Espresso Ristretto Coffee Capsules 40 Pack,https://www.woolworths.com.au/shop/productdetails/6232/l-or-espresso-ristretto-coffee-capsules,https://assets.woolworths.com.au/images/1005/6232.jpg?impolicy=wowsmkqiema&w=260&h=260,$22.00,$0.55 / 1EA,,, Add to cart , Save to list 
Woolworths Herring Fillets In Mango Pepper Sauce 200g,https://www.woolworths.com.au/shop/productdetails/873021/woolworths-herring-fillets-in-mango-pepper-sauce,https://assets.woolworths.com.au/images/1005/873021.jpg?impolicy=wowsmkqiema&w=260&h=260,$2.00,$10.00 / 1KG,3.5,304, Add to cart , Save to list 
Nando's Peri-peri Spice Chilli Salt 50g,https://www.woolworths.com.au/shop/productdetails/581143/nando-s-peri-peri-spice-chilli-salt,https://assets.woolworths.com.au/images/1005/581143.jpg?impolicy=wowsmkqiema&w=260&h=260,$3.50,$0.70 / 10G,,, Add to cart , Save to list 
Sanitarium Smooth No Added Sugar Or Salt Peanut Butter 500g,https://www.woolworths.com.au/shop/productdetails/215945/sanitarium-smooth-no-added-sugar-or-salt-peanut-butter,https://assets.woolworths.com.au/images/1005/215945.jpg?impolicy=wowsmkqiema&w=260&h=260,$4.00,$0.80 / 100G,,, Add to cart , Save to list 
Edgell Nourish Bowl Zesty Cauli Rice Salad With Beans And Veggies 180g,https://www.woolworths.com.au/shop/productdetails/189306/edgell-nourish-bowl-zesty-cauli-rice-salad-with-beans-and-veggies,https://assets.woolworths.com.au/images/1005/189306.jpg?impolicy=wowsmkqiema&w=260&h=260,$4.00,$2.22 / 100G,,, Add to cart , Save to list 
Kraft Mac & Cheese Macaroni Pasta Three Cheese Instant Noodles 205g,https://www.woolworths.com.au/shop/productdetails/21128/kraft-mac-cheese-macaroni-pasta-three-cheese-instant-noodles,https://assets.woolworths.com.au/images/1005/21128.jpg?impolicy=wowsmkqiema&w=260&h=260,$3.50,$1.71 / 100G,,, Add to cart , Save to list 
Uncle Tobys Oats Quick Sachets Big Bowl Banana & Honey Porridge 368g,https://www.woolworths.com.au/shop/productdetails/148985/uncle-tobys-oats-quick-sachets-big-bowl-banana-honey-porridge,https://assets.woolworths.com.au/images/1005/148985.jpg?impolicy=wowsmkqiema&w=260&h=260,$6.50,$1.77 / 100G,,, Add to cart , Save to list 
Bull's-eye Barbecue Bbq Sauce Smokey Bacon 300ml,https://www.woolworths.com.au/shop/productdetails/880527/bull-s-eye-barbecue-bbq-sauce-smokey-bacon,https://assets.woolworths.com.au/images/1005/880527.jpg?impolicy=wowsmkqiema&w=260&h=260,$4.00,$1.33 / 100ML,,, Add to cart , Save to list 
Hoyts Cardamom Pods 10g,https://www.woolworths.com.au/shop/productdetails/210357/hoyts-cardamom-pods,https://assets.woolworths.com.au/images/1005/210357.jpg?impolicy=wowsmkqiema&w=260&h=260,$3.10,$3.10 / 10G,,, Add to cart , Save to list 
Hoyts Poppy Seed 100g,https://www.woolworths.com.au/shop/productdetails/70361/hoyts-poppy-seed,https://assets.woolworths.com.au/images/1005/70361.jpg?impolicy=wowsmkqiema&w=260&h=260,$2.25,$0.23 / 10G,,, Add to cart , Save to list 
Mutti Gourmet Pasta Sauce Rossoro Tomatoes Parmigiano Reggiano 400g,https://www.woolworths.com.au/shop/productdetails/217642/mutti-gourmet-pasta-sauce-rossoro-tomatoes-parmigiano-reggiano,https://assets.woolworths.com.au/images/1005/217642.jpg?impolicy=wowsmkqiema&w=260&h=260,$5.00,$1.25 / 100G,,, Add to cart , Save to list 
Rose's Sweet Orange Marmalade Jam 500g,https://www.woolworths.com.au/shop/productdetails/327310/rose-s-sweet-orange-marmalade-jam-sweet-orange,https://assets.woolworths.com.au/images/1005/327310.jpg?impolicy=wowsmkqiema&w=260&h=260,$4.50,$0.90 / 100G,,, Add to cart , Save to list 
Twinings Russian Caravan Loose Leaf Tea 125g,https://www.woolworths.com.au/shop/productdetails/42861/twinings-russian-caravan-loose-leaf-tea,https://assets.woolworths.com.au/images/1005/42861.jpg?impolicy=wowsmkqiema&w=260&h=260,$6.50,$5.20 / 100G,,, Add to cart , Save to list 
Aeroplane Original Mango Flavoured Jelly 85g,https://www.woolworths.com.au/shop/productdetails/59407/aeroplane-original-mango-flavoured-jelly,https://assets.woolworths.com.au/images/1005/59407.jpg?impolicy=wowsmkqiema&w=260&h=260,$1.10,$1.29 / 100G,,, Add to cart , Save to list 
Khao Shong Wasabi Coated Green Peas 280g,https://www.woolworths.com.au/shop/productdetails/803910/khao-shong-wasabi-coated-green-peas,https://assets.woolworths.com.au/images/1005/803910.jpg?impolicy=wowsmkqiema&w=260&h=260,$7.50,$2.68 / 100G,,, Add to cart , Save to list 
Praise Deli Style Creamy Roast Garlic 250ml,https://www.woolworths.com.au/shop/productdetails/635732/praise-deli-style-creamy-roast-garlic,https://assets.woolworths.com.au/images/1005/635732.jpg?impolicy=wowsmkqiema&w=260&h=260,$3.80,$1.52 / 100ML,,, Add to cart , Save to list 
Cobram Estate Olive Oil Extra Virgin 375ml,https://www.woolworths.com.au/shop/productdetails/193319/cobram-estate-olive-oil-extra-virgin,https://assets.woolworths.com.au/images/1005/193319.jpg?impolicy=wowsmkqiema&w=260&h=260,$8.50,$2.27 / 100ML,,, Add to cart , Save to list 
Praise 99% Fat Free Mayonnaise 410g,https://www.woolworths.com.au/shop/productdetails/128900/praise-99-fat-free-mayonnaise,https://assets.woolworths.com.au/images/1005/128900.jpg?impolicy=wowsmkqiema&w=260&h=260,$4.00,$0.98 / 100G,,, Add to cart , Save to list 
L'or Espresso Ristretto Coffee Capsule 10 Pack,https://www.woolworths.com.au/shop/productdetails/603799/l-or-espresso-ristretto-coffee-capsule,https://assets.woolworths.com.au/images/1005/603799.jpg?impolicy=wowsmkqiema&w=260&h=260,$5.50,$0.55 / 1EA,,, Add to cart , Save to list 
Safcol Tapas Chilean Mussels In Spanish Galician Style Sauce 105g,https://www.woolworths.com.au/shop/productdetails/20933/safcol-tapas-chilean-mussels-in-spanish-galician-style-sauce,https://assets.woolworths.com.au/images/1005/20933.jpg?impolicy=wowsmkqiema&w=260&h=260,$3.00,$28.57 / 1KG,,, Add to cart , Save to list 
Essentials Peas Dehydrated 100g,https://www.woolworths.com.au/shop/productdetails/94700/essentials-peas-dehydrated,https://assets.woolworths.com.au/images/1005/94700.jpg?impolicy=wowsmkqiema&w=260&h=260,$1.70,$17.00 / 1KG,3.8,371, Add to cart , Save to list 
Leggo's Providore D'italia Sugo With Pecorino Romano Pasta Sauce 400g,https://www.woolworths.com.au/shop/productdetails/150780/leggo-s-providore-d-italia-sugo-with-pecorino-romano-pasta-sauce,https://assets.woolworths.com.au/images/1005/150780.jpg?impolicy=wowsmkqiema&w=260&h=260,$6.00,$1.50 / 100G,,, Add to cart , Save to list 
Aeroplane Jelly Lite Raspberry Flavour Low Calorie Jelly Crystals 2x9g,https://www.woolworths.com.au/shop/productdetails/36721/aeroplane-jelly-lite-raspberry-flavour-low-calorie-jelly-crystals,https://assets.woolworths.com.au/images/1005/36721.jpg?impolicy=wowsmkqiema&w=260&h=260,$2.20,$12.22 / 100G,,, Add to cart , Save to list 
Leggos Organic Tomato & Garlic Pasta 500g,https://www.woolworths.com.au/shop/productdetails/148876/leggos-organic-tomato-garlic-pasta,https://assets.woolworths.com.au/images/1005/148876.jpg?impolicy=wowsmkqiema&w=260&h=260,$5.00,$1.00 / 100G,,, Add to cart , Save to list 
Safcol No Nets Tuna In Chilli Oil 185g,https://www.woolworths.com.au/shop/productdetails/239636/safcol-no-nets-tuna-in-chilli-oil,https://assets.woolworths.com.au/images/1005/239636.jpg?impolicy=wowsmkqiema&w=260&h=260,$2.90,$15.68 / 1KG,,, Add to cart , Save to list 
Maesri Paste Red Curry 114g,https://www.woolworths.com.au/shop/productdetails/45458/maesri-paste-red-curry,https://assets.woolworths.com.au/images/1005/45458.jpg?impolicy=wowsmkqiema&w=260&h=260,$1.65,$1.45 / 100G,,, Add to cart , Save to list 
Queen Blue Food Colour 50ml,https://www.woolworths.com.au/shop/productdetails/37421/queen-blue-food-colour,https://assets.woolworths.com.au/images/1005/37421.jpg?impolicy=wowsmkqiema&w=260&h=260,$1.20,$0.24 / 10ML,,, Add to cart , Save to list 
Sashi's Secret Curry Laksa Kit 460g,https://www.woolworths.com.au/shop/productdetails/66810/sashi-s-secret-curry-laksa-kit,https://assets.woolworths.com.au/images/1005/66810.jpg?impolicy=wowsmkqiema&w=260&h=260,$6.00,$1.30 / 100G,,, Add to cart , Save to list 
Tiao Hu Hoisin Sauce 320ml,https://www.woolworths.com.au/shop/productdetails/113229/tiao-hu-hoisin-sauce,https://assets.woolworths.com.au/images/1005/113229.jpg?impolicy=wowsmkqiema&w=260&h=260,$2.30,$0.72 / 100ML,,, Add to cart , Save to list 
Masterfoods Garlic Powder 50g,https://www.woolworths.com.au/shop/productdetails/35388/masterfoods-garlic-powder,https://assets.woolworths.com.au/images/1005/35388.jpg?impolicy=wowsmkqiema&w=260&h=260,$3.50,$0.70 / 10G,,, Add to cart , Save to list 
Masterfoods Honey Mustard Chicken Recipe Base 175g,https://www.woolworths.com.au/shop/productdetails/186442/masterfoods-honey-mustard-chicken-recipe-base,https://assets.woolworths.com.au/images/1005/186442.jpg?impolicy=wowsmkqiema&w=260&h=260,$2.80,$1.60 / 100G,,, Add to cart , Save to list 
Continental Pasta Sensations Creamy Tomato Parmesan & Basil Serves 2 98g,https://www.woolworths.com.au/shop/productdetails/840898/continental-pasta-sensations-creamy-tomato-parmesan-basil-serves-2,https://assets.woolworths.com.au/images/1005/840898.jpg?impolicy=wowsmkqiema&w=260&h=260,$2.80,$2.86 / 100G,,, Add to cart , Save to list 
Green's Temptations Cinnamon Scroll Mix 520g,https://www.woolworths.com.au/shop/productdetails/143118/green-s-temptations-cinnamon-scroll-mix,https://assets.woolworths.com.au/images/1005/143118.jpg?impolicy=wowsmkqiema&w=260&h=260,$4.50,$0.87 / 100G,,, Add to cart , Save to list 
Hoyts Cinnamon Dutch Ground 150g,https://www.woolworths.com.au/shop/productdetails/249587/hoyts-cinnamon-dutch-ground,https://assets.woolworths.com.au/images/1005/249587.jpg?impolicy=wowsmkqiema&w=260&h=260,,,,,, Save to list 
Maggi Chilli Con Carne Recipe Base 41g,https://www.woolworths.com.au/shop/productdetails/446459/maggi-chilli-con-carne-recipe-base,https://assets.woolworths.com.au/images/1005/446459.jpg?impolicy=wowsmkqiema&w=260&h=260,$1.75,$4.27 / 100G,,, Add to cart , Save to list 
Arkadia Chai Tea Vanilla 240g,https://www.woolworths.com.au/shop/productdetails/320237/arkadia-chai-tea-vanilla,https://assets.woolworths.com.au/images/1005/320237.jpg?impolicy=wowsmkqiema&w=260&h=260,$6.00,$2.50 / 100G,,, Add to cart , Save to list 
Billy Tea Campfire Brew Tea Bags 100 Pack,https://www.woolworths.com.au/shop/productdetails/30568/billy-tea-campfire-brew-tea-bags,https://assets.woolworths.com.au/images/1005/30568.jpg?impolicy=wowsmkqiema&w=260&h=260,$5.00,$0.05 / 1EA,,, Add to cart , Save to list 
Vittoria Valentina Nespresso Compatible Coffee Capsules Pack 10,https://www.woolworths.com.au/shop/productdetails/92399/vittoria-valentina-nespresso-compatible-coffee-capsules,https://assets.woolworths.com.au/images/1005/92399.jpg?impolicy=wowsmkqiema&w=260&h=260,$5.50,$0.55 / 1EA,,, Add to cart , Save to list 
Woolworths Mandarin In Orange Flavoured Jelly Cups 4 Pack,https://www.woolworths.com.au/shop/productdetails/188439/woolworths-mandarin-in-orange-flavoured-jelly-cups,https://assets.woolworths.com.au/images/1005/188439.jpg?impolicy=wowsmkqiema&w=260&h=260,$2.20,$4.58 / 1KG,4.0,355, Add to cart , Save to list 
Praise Vegan Aioli 250ml,https://www.woolworths.com.au/shop/productdetails/103685/praise-vegan-aioli,https://assets.woolworths.com.au/images/1005/103685.jpg?impolicy=wowsmkqiema&w=260&h=260,$5.00,$2.00 / 100ML,,, Add to cart , Save to list 
Nescafe Coffee Sachets Caramel Latte 26 Pack,https://www.woolworths.com.au/shop/productdetails/549613/nescafe-coffee-sachets-caramel-latte-caramel-latte,https://assets.woolworths.com.au/images/1005/549613.jpg?impolicy=wowsmkqiema&w=260&h=260,$11.00,$0.42 / 1EA,,, Add to cart , Save to list 
Woolworths Tomato Paste Sachets No Added Salt 4 Pack,https://www.woolworths.com.au/shop/productdetails/197787/woolworths-tomato-paste-sachets-no-added-salt,https://assets.woolworths.com.au/images/1005/197787.jpg?impolicy=wowsmkqiema&w=260&h=260,$2.25,$1.13 / 100G,,, Add to cart , Save to list 
L'or Espresso Lungo Profondo Intensity 8 Coffee Capsules 10 Pack,https://www.woolworths.com.au/shop/productdetails/604171/l-or-espresso-lungo-profondo-intensity-8-coffee-capsules,https://assets.woolworths.com.au/images/1005/604171.jpg?impolicy=wowsmkqiema&w=260&h=260,$5.50,$0.55 / 1EA,,, Add to cart , Save to list 
Masterfoods Horseradish Cream 175g,https://www.woolworths.com.au/shop/productdetails/32831/masterfoods-horseradish-cream,https://assets.woolworths.com.au/images/1005/32831.jpg?impolicy=wowsmkqiema&w=260&h=260,$4.00,$2.29 / 100G,,, Add to cart , Save to list 
Marion's Kitchen Miso & Sesame Vinaigrette Salad Dressing 240ml,https://www.woolworths.com.au/shop/productdetails/168022/marion-s-kitchen-miso-sesame-vinaigrette-salad-dressing,https://assets.woolworths.com.au/images/1005/168022.jpg?impolicy=wowsmkqiema&w=260&h=260,$5.00,$2.08 / 100ML,,, Add to cart , Save to list 
Woolworths Pure Honey Twist & Squeeze 375g,https://www.woolworths.com.au/shop/productdetails/753976/woolworths-pure-honey-twist-squeeze,https://assets.woolworths.com.au/images/1005/753976.jpg?impolicy=wowsmkqiema&w=260&h=260,$5.50,$1.47 / 100G,4.6,683, Add to cart , Save to list 
Bickford's Iced Coffee Syrup 500ml,https://www.woolworths.com.au/shop/productdetails/82871/bickford-s-iced-coffee-syrup,https://assets.woolworths.com.au/images/1005/82871.jpg?impolicy=wowsmkqiema&w=260&h=260,$7.00,$1.40 / 100ML,,, Add to cart , Save to list 
Hart & Soul All Natural Butter Chicken Recipe Base 80g,https://www.woolworths.com.au/shop/productdetails/83808/hart-soul-all-natural-butter-chicken-recipe-base,https://assets.woolworths.com.au/images/1005/83808.jpg?impolicy=wowsmkqiema&w=260&h=260,$2.50,$0.31 / 10G,,, Add to cart , Save to list 
Lipton Black Tea Decaffeinated 50 Pack,https://www.woolworths.com.au/shop/productdetails/87040/lipton-black-tea-decaffeinated,https://assets.woolworths.com.au/images/1005/87040.jpg?impolicy=wowsmkqiema&w=260&h=260,$5.20,$0.10 / 1EA,,, Add to cart , Save to list 
Simson's Pantry Naan Garlic 2 Pack,https://www.woolworths.com.au/shop/productdetails/715963/simson-s-pantry-naan-garlic-naan-garlic,https://assets.woolworths.com.au/images/1005/715963.jpg?impolicy=wowsmkqiema&w=260&h=260,$3.50,$1.40 / 100G,,, Add to cart , Save to list 
Tom Piper Sausages And Vegetables Canned Meal 400g,https://www.woolworths.com.au/shop/productdetails/34044/tom-piper-sausages-and-vegetables-canned-meal,https://assets.woolworths.com.au/images/1005/34044.jpg?impolicy=wowsmkqiema&w=260&h=260,$3.60,$9.00 / 1KG,,, Add to cart , Save to list 
Twinings Pure Green Tea Bags 50 Pack,https://www.woolworths.com.au/shop/productdetails/262437/twinings-pure-green-tea-bags-bags,https://assets.woolworths.com.au/images/1005/262437.jpg?impolicy=wowsmkqiema&w=260&h=260,$7.50,$0.15 / 1EA,,, Add to cart , Save to list 
Masterfoods Lemon Butter Spread 280g,https://www.woolworths.com.au/shop/productdetails/39361/masterfoods-lemon-butter-spread,https://assets.woolworths.com.au/images/1005/39361.jpg?impolicy=wowsmkqiema&w=260&h=260,$3.90,$1.39 / 100G,,, Add to cart , Save to list 
Praise Creamy Lime & Herb Dressing 250ml,https://www.woolworths.com.au/shop/productdetails/104343/praise-creamy-lime-herb-dressing,https://assets.woolworths.com.au/images/1005/104343.jpg?impolicy=wowsmkqiema&w=260&h=260,$3.80,$1.52 / 100ML,,, Add to cart , Save to list 
Yackandandah Lemon Curd 350g,https://www.woolworths.com.au/shop/productdetails/249189/yackandandah-lemon-curd,https://assets.woolworths.com.au/images/1005/249189.jpg?impolicy=wowsmkqiema&w=260&h=260,$4.00,$1.14 / 100G,,, Add to cart , Save to list 
Gardener Plum Jam 450g,https://www.woolworths.com.au/shop/productdetails/198532/gardener-plum-jam,https://assets.woolworths.com.au/images/1005/198532.jpg?impolicy=wowsmkqiema&w=260&h=260,$1.90,$0.42 / 100G,4.0,1024, Add to cart , Save to list 
Mccormick Greek Style Street Food Seasoning 25g,https://www.woolworths.com.au/shop/productdetails/170757/mccormick-greek-style-street-food-seasoning,https://assets.woolworths.com.au/images/1005/170757.jpg?impolicy=wowsmkqiema&w=260&h=260,$2.50,$1.00 / 10G,,, Add to cart , Save to list 
John West Mackerel Fillets In Olive Oil 125g,https://www.woolworths.com.au/shop/productdetails/664785/john-west-mackerel-fillets-in-olive-oil,https://assets.woolworths.com.au/images/1005/664785.jpg?impolicy=wowsmkqiema&w=260&h=260,$3.60,$28.80 / 1KG,,, Add to cart , Save to list 
Aeroplane Original Purple Grape Flavoured Jelly 85g,https://www.woolworths.com.au/shop/productdetails/327942/aeroplane-original-purple-grape-flavoured-jelly,https://assets.woolworths.com.au/images/1005/327942.jpg?impolicy=wowsmkqiema&w=260&h=260,$1.10,$1.29 / 100G,,, Add to cart , Save to list 
Twinings Earl Grey Loose Leaf Tea 125g,https://www.woolworths.com.au/shop/productdetails/41859/twinings-earl-grey-loose-leaf-tea-loose-leaf-tea,https://assets.woolworths.com.au/images/1005/41859.jpg?impolicy=wowsmkqiema&w=260&h=260,$6.50,$5.20 / 100G,,, Add to cart , Save to list 
Vamino Soy Milk 300ml,https://www.woolworths.com.au/shop/productdetails/829194/vamino-soy-milk,https://assets.woolworths.com.au/images/1005/829194.jpg?impolicy=wowsmkqiema&w=260&h=260,$1.40,$0.47 / 100ML,,, Add to cart , Save to list 
Kellogg's Sultana Bran Gluten Free Breakfast Cereal 350g,https://www.woolworths.com.au/shop/productdetails/151868/kelloggs-sultana-bran-gluten-free-breakfast-cereal,https://assets.woolworths.com.au/images/1005/151868.jpg?impolicy=wowsmkqiema&w=260&h=260,$5.60,$1.60 / 100G,,, Add to cart , Save to list 
Praise Potato Salad Dressing 330ml,https://www.woolworths.com.au/shop/productdetails/494145/praise-potato-salad-dressing,https://assets.woolworths.com.au/images/1005/494145.jpg?impolicy=wowsmkqiema&w=260&h=260,$3.60,$1.09 / 100ML,,, Add to cart , Save to list 
Ardmona Pie Fruit Apples Sliced 800g,https://www.woolworths.com.au/shop/productdetails/44973/ardmona-pie-fruit-apples-sliced-sliced,https://assets.woolworths.com.au/images/1005/44973.jpg?impolicy=wowsmkqiema&w=260&h=260,$5.00,$6.25 / 1KG,,, Add to cart , Save to list 
Choice Mi Goreng Instant Noodles 85g X5 Pack,https://www.woolworths.com.au/shop/productdetails/521259/choice-mi-goreng-instant-noodles,https://assets.woolworths.com.au/images/1005/521259.jpg?impolicy=wowsmkqiema&w=260&h=260,$2.20,$0.52 / 100G,3.8,84, Add to cart , Save to list 
Hime Dried Udon Noodle 800g,https://www.woolworths.com.au/shop/productdetails/673018/hime-dried-udon-noodle,https://assets.woolworths.com.au/images/1005/673018.jpg?impolicy=wowsmkqiema&w=260&h=260,$6.25,$0.78 / 100G,,, Add to cart , Save to list 
Maggi 2 Minute Instant Cup Noodle Oriental 60g,https://www.woolworths.com.au/shop/productdetails/224909/maggi-2-minute-instant-cup-noodle-oriental,https://assets.woolworths.com.au/images/1005/224909.jpg?impolicy=wowsmkqiema&w=260&h=260,$1.50,$2.50 / 100G,,, Add to cart , Save to list 
Rosella Chutney Fruit 250g,https://www.woolworths.com.au/shop/productdetails/34460/rosella-chutney-fruit,https://assets.woolworths.com.au/images/1005/34460.jpg?impolicy=wowsmkqiema&w=260&h=260,$2.45,$9.80 / 1KG,,, Add to cart , Save to list 
Noya Almond Nut Butter 250g,https://www.woolworths.com.au/shop/productdetails/96804/noya-almond-nut-butter,https://assets.woolworths.com.au/images/1005/96804.jpg?impolicy=wowsmkqiema&w=260&h=260,$7.20,$2.88 / 100G,,, Add to cart , Save to list 
Safcol No Nets Tuna Lemon & Pepper 185g,https://www.woolworths.com.au/shop/productdetails/235599/safcol-no-nets-tuna-lemon-pepper,https://assets.woolworths.com.au/images/1005/235599.jpg?impolicy=wowsmkqiema&w=260&h=260,$2.90,$15.68 / 1KG,,, Add to cart , Save to list 
Woolworths Canned Shredded Chicken Teriyaki 85g,https://www.woolworths.com.au/shop/productdetails/535602/woolworths-canned-shredded-chicken-teriyaki,https://assets.woolworths.com.au/images/1005/535602.jpg?impolicy=wowsmkqiema&w=260&h=260,$1.40,$16.47 / 1KG,3.1,864, Add to cart , Save to list 
Sanitarium Natural Crunchy Peanut Butter 375g,https://www.woolworths.com.au/shop/productdetails/15819/sanitarium-natural-crunchy-peanut-butter,https://assets.woolworths.com.au/images/1005/15819.jpg?impolicy=wowsmkqiema&w=260&h=260,$3.50,$0.93 / 100G,,, Add to cart , Save to list 
Vittoria Coffee Bags Espresso 20 Pack,https://www.woolworths.com.au/shop/productdetails/157316/vittoria-coffee-bags-espresso,https://assets.woolworths.com.au/images/1005/157316.jpg?impolicy=wowsmkqiema&w=260&h=260,$12.50,$0.63 / 1EA,,, Add to cart , Save to list 
Heinz Tortellini Three Cheese Pasta With Sun-dried Tomato & Bacon 350g,https://www.woolworths.com.au/shop/productdetails/160637/heinz-tortellini-three-cheese-pasta-with-sun-dried-tomato-bacon,https://assets.woolworths.com.au/images/1005/160637.jpg?impolicy=wowsmkqiema&w=260&h=260,$5.30,$1.51 / 100G,,, Add to cart , Save to list 
Hoyts Oregano 60g,https://www.woolworths.com.au/shop/productdetails/57055/hoyts-oregano,https://assets.woolworths.com.au/images/1005/57055.jpg?impolicy=wowsmkqiema&w=260&h=260,$3.30,$0.55 / 10G,,, Add to cart , Save to list 
Praise Whole Egg Mayonnaise Whole Egg 670g,https://www.woolworths.com.au/shop/productdetails/332107/praise-whole-egg-mayonnaise-whole-egg,https://assets.woolworths.com.au/images/1005/332107.jpg?impolicy=wowsmkqiema&w=260&h=260,$5.50,$0.82 / 100G,,, Add to cart , Save to list 
Hoyts Chilli Powder 50g,https://www.woolworths.com.au/shop/productdetails/94630/hoyts-chilli-powder,https://assets.woolworths.com.au/images/1005/94630.jpg?impolicy=wowsmkqiema&w=260&h=260,$2.00,$0.40 / 10G,,, Add to cart , Save to list 
Brunswick Original Kipper 100g,https://www.woolworths.com.au/shop/productdetails/35976/brunswick-original-kipper,https://assets.woolworths.com.au/images/1005/35976.jpg?impolicy=wowsmkqiema&w=260&h=260,$1.65,$16.50 / 1KG,,, Add to cart , Save to list 
Mr Squid Shredded Squid 65g,https://www.woolworths.com.au/shop/productdetails/680799/mr-squid-shredded-squid,https://assets.woolworths.com.au/images/1005/680799.jpg?impolicy=wowsmkqiema&w=260&h=260,$5.25,$8.08 / 100G,,, Add to cart , Save to list 
Nescafe Coffee Sachets Hazelnut Latte 10 Pack,https://www.woolworths.com.au/shop/productdetails/226666/nescafe-coffee-sachets-hazelnut-latte-latte-hazelnut,https://assets.woolworths.com.au/images/1005/226666.jpg?impolicy=wowsmkqiema&w=260&h=260,$7.60,$0.76 / 1EA,,, Add to cart , Save to list 
White Wings Cake In A Cup Triple Choc Brownie 4 Pack,https://www.woolworths.com.au/shop/productdetails/575689/white-wings-cake-in-a-cup-triple-choc-brownie,https://assets.woolworths.com.au/images/1005/575689.jpg?impolicy=wowsmkqiema&w=260&h=260,$5.00,$2.27 / 100G,5.0,1, Add to cart , Save to list 
Buontempo Gluten Free Pasta Penne 600g,https://www.woolworths.com.au/shop/productdetails/193723/buontempo-gluten-free-pasta-penne,https://assets.woolworths.com.au/images/1005/193723.jpg?impolicy=wowsmkqiema&w=260&h=260,$4.80,$0.80 / 100G,,, Add to cart , Save to list 
Fantastic Oriental Noodle Bowl 85g,https://www.woolworths.com.au/shop/productdetails/49305/fantastic-oriental-noodle-bowl,https://assets.woolworths.com.au/images/1005/49305.jpg?impolicy=wowsmkqiema&w=260&h=260,$1.95,$2.29 / 100G,,, Add to cart , Save to list 
Gourmet Garden Paste Ginger 80g,https://www.woolworths.com.au/shop/productdetails/948511/gourmet-garden-paste-ginger,https://assets.woolworths.com.au/images/1005/948511.jpg?impolicy=wowsmkqiema&w=260&h=260,$4.00,$5.00 / 100G,,, Add to cart , Save to list 
Heinz Baked Beans Tinned Beans Salt Reduced Breakfast 220g,https://www.woolworths.com.au/shop/productdetails/873/heinz-baked-beans-tinned-beans-salt-reduced-breakfast,https://assets.woolworths.com.au/images/1005/873.jpg?impolicy=wowsmkqiema&w=260&h=260,$2.00,$0.91 / 100G,,, Add to cart , Save to list 
Sandhurst Olives Green Sicilian 280g,https://www.woolworths.com.au/shop/productdetails/329746/sandhurst-olives-green-sicilian,https://assets.woolworths.com.au/images/1005/329746.jpg?impolicy=wowsmkqiema&w=260&h=260,$3.80,$13.57 / 1KG,,, Add to cart , Save to list 
Hong Gong Shao Hsing Wine 640ml,https://www.woolworths.com.au/shop/productdetails/805284/hong-gong-shao-hsing-wine,https://assets.woolworths.com.au/images/1005/805284.jpg?impolicy=wowsmkqiema&w=260&h=260,$2.30,$0.36 / 100ML,,, Add to cart , Save to list 
Woolworths Beef Corned 340g,https://www.woolworths.com.au/shop/productdetails/18133/woolworths-beef-corned,https://assets.woolworths.com.au/images/1005/18133.jpg?impolicy=wowsmkqiema&w=260&h=260,$3.50,$10.29 / 1KG,3.0,581, Add to cart , Save to list 
Woolworths Cooking Chocolate Milk 200g,https://www.woolworths.com.au/shop/productdetails/246611/woolworths-cooking-chocolate-milk,https://assets.woolworths.com.au/images/1005/246611.jpg?impolicy=wowsmkqiema&w=260&h=260,$2.50,$1.25 / 100G,4.3,522, Add to cart , Save to list 
Sandhurst Baby Cucumbers 500g,https://www.woolworths.com.au/shop/productdetails/689896/sandhurst-baby-cucumbers,https://assets.woolworths.com.au/images/1005/689896.jpg?impolicy=wowsmkqiema&w=260&h=260,$4.00,$8.00 / 1KG,,, Add to cart , Save to list 
Passage To India Simmer Sauce Tikka Masala 375g,https://www.woolworths.com.au/shop/productdetails/186116/passage-to-india-simmer-sauce-tikka-masala,https://assets.woolworths.com.au/images/1005/186116.jpg?impolicy=wowsmkqiema&w=260&h=260,$3.99,$1.06 / 100G,,, Add to cart , Save to list 
Edgell Diced Beetroot 425g,https://www.woolworths.com.au/shop/productdetails/658775/edgell-diced-beetroot,https://assets.woolworths.com.au/images/1005/658775.jpg?impolicy=wowsmkqiema&w=260&h=260,$2.20,$5.18 / 1KG,,, Add to cart , Save to list 
Kan Tong Thai Green Curry Meal Base Pouch 175g,https://www.woolworths.com.au/shop/productdetails/656938/kan-tong-thai-green-curry-meal-base-pouch,https://assets.woolworths.com.au/images/1005/656938.jpg?impolicy=wowsmkqiema&w=260&h=260,$3.50,$2.00 / 100G,,, Add to cart , Save to list 
Masterfoods Ground Cumin Seeds 25g,https://www.woolworths.com.au/shop/productdetails/32649/masterfoods-ground-cumin-seeds,https://assets.woolworths.com.au/images/1005/32649.jpg?impolicy=wowsmkqiema&w=260&h=260,$3.20,$1.28 / 10G,,, Add to cart , Save to list 
John West Kipper Fillets In Brine 200g,https://www.woolworths.com.au/shop/productdetails/1471/john-west-kipper-fillets-in-brine,https://assets.woolworths.com.au/images/1005/1471.jpg?impolicy=wowsmkqiema&w=260&h=260,$3.00,$15.00 / 1KG,,, Add to cart , Save to list 
Masterfoods All Purpose Spicy Seasoning 190g,https://www.woolworths.com.au/shop/productdetails/355475/masterfoods-all-purpose-spicy-seasoning,https://assets.woolworths.com.au/images/1005/355475.jpg?impolicy=wowsmkqiema&w=260&h=260,$6.50,$0.34 / 10G,,, Add to cart , Save to list 
Mayver's Smooth Peanut Butter 750g,https://www.woolworths.com.au/shop/productdetails/127012/mayver-s-smooth-peanut-butter,https://assets.woolworths.com.au/images/1005/127012.jpg?impolicy=wowsmkqiema&w=260&h=260,$9.80,$1.31 / 100G,,, Add to cart , Save to list 
Westmont Pickles Dill Sour 500g,https://www.woolworths.com.au/shop/productdetails/7351/westmont-pickles-dill-sour,https://assets.woolworths.com.au/images/1005/7351.jpg?impolicy=wowsmkqiema&w=260&h=260,$6.50,$1.30 / 100G,,, Add to cart , Save to list 
Fountain Plum Sauce 250ml,https://www.woolworths.com.au/shop/productdetails/720125/fountain-plum-sauce-sauce,https://assets.woolworths.com.au/images/1005/720125.jpg?impolicy=wowsmkqiema&w=260&h=260,$3.50,$1.40 / 100ML,,, Add to cart , Save to list 
Hoyts Curry Powder Mild 50g,https://www.woolworths.com.au/shop/productdetails/716890/hoyts-curry-powder-mild,https://assets.woolworths.com.au/images/1005/716890.jpg?impolicy=wowsmkqiema&w=260&h=260,$2.30,$0.46 / 10G,,, Add to cart , Save to list 
Keen's Mustard Powder Powder 50g,https://www.woolworths.com.au/shop/productdetails/34487/keens-mustard-powder-powder,https://assets.woolworths.com.au/images/1005/34487.jpg?impolicy=wowsmkqiema&w=260&h=260,$5.00,$1.00 / 10G,5.0,1, Add to cart , Save to list 
Woolworths Peas & Corn 420g,https://www.woolworths.com.au/shop/productdetails/218916/woolworths-peas-corn,https://assets.woolworths.com.au/images/1005/218916.jpg?impolicy=wowsmkqiema&w=260&h=260,$1.35,$3.21 / 1KG,,, Add to cart , Save to list 
Heinz Big Eat Spaghetti Bolognese Canned Meal 410g,https://www.woolworths.com.au/shop/productdetails/347667/heinz-big-eat-spaghetti-bolognese-canned-meal,https://assets.woolworths.com.au/images/1005/347667.jpg?impolicy=wowsmkqiema&w=260&h=260,$3.10,$7.56 / 1KG,,, Add to cart , Save to list 
Mutti Gourmet Pasta Sauce Rossoro Tomatoes Grilled Vegetables 400g,https://www.woolworths.com.au/shop/productdetails/216868/mutti-gourmet-pasta-sauce-rossoro-tomatoes-grilled-vegetables,https://assets.woolworths.com.au/images/1005/216868.jpg?impolicy=wowsmkqiema&w=260&h=260,$5.00,$1.25 / 100G,,, Add to cart , Save to list 
Nestle Top N Fill Caramel 395g,https://www.woolworths.com.au/shop/productdetails/85133/nestle-top-n-fill-caramel,https://assets.woolworths.com.au/images/1005/85133.jpg?impolicy=wowsmkqiema&w=260&h=260,,,,,, Save to list 
Supreme Noodles Mi Goreng Noodle Cup 70g,https://www.woolworths.com.au/shop/productdetails/240086/supreme-noodles-mi-goreng-noodle-cup,https://assets.woolworths.com.au/images/1005/240086.jpg?impolicy=wowsmkqiema&w=260&h=260,$1.25,$1.79 / 100G,,, Add to cart , Save to list 
Woolworths Yellowfin Tuna Olive Oil With Garlic & Herbs 160g,https://www.woolworths.com.au/shop/productdetails/194215/woolworths-yellowfin-tuna-olive-oil-with-garlic-herbs,https://assets.woolworths.com.au/images/1005/194215.jpg?impolicy=wowsmkqiema&w=260&h=260,$3.50,$21.88 / 1KG,4.0,72, Add to cart , Save to list 
Always Fresh Black Olives Pitted 220g,https://www.woolworths.com.au/shop/productdetails/484311/always-fresh-black-olives-pitted,https://assets.woolworths.com.au/images/1005/484311.jpg?impolicy=wowsmkqiema&w=260&h=260,$3.40,$1.55 / 100G,3.0,1, Add to cart , Save to list 
Hellmann's Real Mayo Jar Real Mayonnaise 400g,https://www.woolworths.com.au/shop/productdetails/305383/hellmann-s-real-mayo-jar-real-mayonnaise,https://assets.woolworths.com.au/images/1005/305383.jpg?impolicy=wowsmkqiema&w=260&h=260,$7.50,$1.88 / 100G,,, Add to cart , Save to list 
La Molisana Pomodoro Extra Di Lusso Sugo Al Basilico 340g,https://www.woolworths.com.au/shop/productdetails/138233/la-molisana-pomodoro-extra-di-lusso-sugo-al-basilico,https://assets.woolworths.com.au/images/1005/138233.jpg?impolicy=wowsmkqiema&w=260&h=260,$4.50,$1.32 / 100G,4.4,544, Add to cart , Save to list 
St Dalfour Wild Blueberry 284g 284g,https://www.woolworths.com.au/shop/productdetails/26837/st-dalfour-wild-blueberry-284g,https://assets.woolworths.com.au/images/1005/26837.jpg?impolicy=wowsmkqiema&w=260&h=260,$5.70,$2.01 / 100G,,, Add to cart , Save to list 
Woolworths Yellow Fin Tuna In 160g,https://www.woolworths.com.au/shop/productdetails/194212/woolworths-woolworths-yellow-fin-tuna-in,https://assets.woolworths.com.au/images/1005/194212.jpg?impolicy=wowsmkqiema&w=260&h=260,$3.50,$21.88 / 1KG,4.3,43, Add to cart , Save to list 
Hoyts Garam Masala 25g,https://www.woolworths.com.au/shop/productdetails/226931/hoyts-garam-masala,https://assets.woolworths.com.au/images/1005/226931.jpg?impolicy=wowsmkqiema&w=260&h=260,$2.60,$1.04 / 10G,,, Add to cart , Save to list 
Nissin Noodles Instant Tonkotsu 100g,https://www.woolworths.com.au/shop/productdetails/122361/nissin-noodles-instant-tonkotsu,https://assets.woolworths.com.au/images/1005/122361.jpg?impolicy=wowsmkqiema&w=260&h=260,$1.60,$1.60 / 100G,,, Add to cart , Save to list 
Golden Circle Blended Fruit Puree Mango & Pineapple Lunch Box Pouch 120g,https://www.woolworths.com.au/shop/productdetails/763259/golden-circle-blended-fruit-puree-mango-pineapple-lunch-box-pouch,https://assets.woolworths.com.au/images/1005/763259.jpg?impolicy=wowsmkqiema&w=260&h=260,$1.80,$15.00 / 1KG,,, Add to cart , Save to list 
Macro Organic Light Coconut Cream 400ml,https://www.woolworths.com.au/shop/productdetails/684031/macro-organic-light-coconut-cream,https://assets.woolworths.com.au/images/1005/684031.jpg?impolicy=wowsmkqiema&w=260&h=260,$2.10,$0.53 / 100ML,4.4,1150, Add to cart , Save to list 
Hoyts Vanilla Beans Each,https://www.woolworths.com.au/shop/productdetails/53371/hoyts-vanilla-beans,https://assets.woolworths.com.au/images/1005/53371.jpg?impolicy=wowsmkqiema&w=260&h=260,$7.50,$7.50 / 1EA,,, Add to cart , Save to list 
Lipton Peach Iced Tea Sachets 20 Pack,https://www.woolworths.com.au/shop/productdetails/116549/lipton-peach-iced-tea-sachets,https://assets.woolworths.com.au/images/1005/116549.jpg?impolicy=wowsmkqiema&w=260&h=260,$6.50,$0.33 / 1EA,,, Add to cart , Save to list 
Masterfoods Chopped Chives 7g,https://www.woolworths.com.au/shop/productdetails/35238/masterfoods-chopped-chives,https://assets.woolworths.com.au/images/1005/35238.jpg?impolicy=wowsmkqiema&w=260&h=260,$5.70,$8.14 / 10G,,, Add to cart , Save to list 
Nescafe Coffee Sachets Vanilla 26 Pack,https://www.woolworths.com.au/shop/productdetails/549623/nescafe-coffee-sachets-vanilla-vanilla,https://assets.woolworths.com.au/images/1005/549623.jpg?impolicy=wowsmkqiema&w=260&h=260,$11.00,$0.42 / 1EA,,, Add to cart , Save to list 
Mccormick Slow Cooker Garlic & Herb Lamb Shanks Recipe Base 40g,https://www.woolworths.com.au/shop/productdetails/591694/mccormick-slow-cooker-garlic-herb-lamb-shanks-recipe-base,https://assets.woolworths.com.au/images/1005/591694.jpg?impolicy=wowsmkqiema&w=260&h=260,$1.60,$4.00 / 100G,,, Add to cart , Save to list 
Nestle Bakers' Choice White Choc Bits 200g,https://www.woolworths.com.au/shop/productdetails/490083/nestle-bakers-choice-white-choc-bits,https://assets.woolworths.com.au/images/1005/490083.jpg?impolicy=wowsmkqiema&w=260&h=260,$5.00,$2.50 / 100G,,, Add to cart , Save to list 
Riviana Microwave Basmati Pouch 250g,https://www.woolworths.com.au/shop/productdetails/203472/riviana-microwave-basmati-pouch,https://assets.woolworths.com.au/images/1005/203472.jpg?impolicy=wowsmkqiema&w=260&h=260,$3.70,$1.48 / 100G,,, Add to cart , Save to list 
Campos Superior Coffee Beans 1kg,https://www.woolworths.com.au/shop/productdetails/94138/campos-superior-coffee-beans,https://assets.woolworths.com.au/images/1005/94138.jpg?impolicy=wowsmkqiema&w=260&h=260,$49.50,$4.95 / 100G,,, Add to cart , Save to list 
Cornwell's Mint Sauce Mint 200ml,https://www.woolworths.com.au/shop/productdetails/34434/cornwell-s-mint-sauce-mint,https://assets.woolworths.com.au/images/1005/34434.jpg?impolicy=wowsmkqiema&w=260&h=260,$1.95,$0.98 / 100ML,5.0,1, Add to cart , Save to list 
Old El Paso Mexican Chilli Spice Mix 35g,https://www.woolworths.com.au/shop/productdetails/93445/old-el-paso-mexican-chilli-spice-mix,https://assets.woolworths.com.au/images/1005/93445.jpg?impolicy=wowsmkqiema&w=260&h=260,$2.45,$7.00 / 100G,,, Add to cart , Save to list 
White Wings Self Raising Flour Wholemeal 1kg,https://www.woolworths.com.au/shop/productdetails/228765/white-wings-self-raising-flour-wholemeal,https://assets.woolworths.com.au/images/1005/228765.jpg?impolicy=wowsmkqiema&w=260&h=260,$3.10,$3.10 / 1KG,,, Add to cart , Save to list 
Woolworths Cooking Chocolate Dark 200g,https://www.woolworths.com.au/shop/productdetails/246610/woolworths-cooking-chocolate-dark,https://assets.woolworths.com.au/images/1005/246610.jpg?impolicy=wowsmkqiema&w=260&h=260,$2.50,$1.25 / 100G,4.4,425, Add to cart , Save to list 
Always Fresh Cucumbers Baby 350g,https://www.woolworths.com.au/shop/productdetails/114462/always-fresh-cucumbers-baby,https://assets.woolworths.com.au/images/1005/114462.jpg?impolicy=wowsmkqiema&w=260&h=260,$4.60,$13.14 / 1KG,,, Add to cart , Save to list 
Coco Earth Exotic Mushroom Risotto 300g,https://www.woolworths.com.au/shop/productdetails/95833/coco-earth-exotic-mushroom-risotto,https://assets.woolworths.com.au/images/1005/95833.jpg?impolicy=wowsmkqiema&w=260&h=260,$6.00,$2.00 / 100G,,, Add to cart , Save to list 
Woolworths Peach Slices In Juice 700g,https://www.woolworths.com.au/shop/productdetails/205512/woolworths-peach-slices-in-juice,https://assets.woolworths.com.au/images/1005/205512.jpg?impolicy=wowsmkqiema&w=260&h=260,,,,,, Save to list 
Dollar Sweets White Muffin Cases 100 Pack,https://www.woolworths.com.au/shop/productdetails/183572/dollar-sweets-white-muffin-cases,https://assets.woolworths.com.au/images/1005/183572.jpg?impolicy=wowsmkqiema&w=260&h=260,$3.00,$0.03 / 1EA,,, Add to cart , Save to list 
Essentials Cooking Chocolate Dark 375g,https://www.woolworths.com.au/shop/productdetails/44628/essentials-cooking-chocolate-dark,https://assets.woolworths.com.au/images/1005/44628.jpg?impolicy=wowsmkqiema&w=260&h=260,$2.50,$0.67 / 100G,4.0,398, Add to cart , Save to list 
Woolworths Onions Cocktail 500g,https://www.woolworths.com.au/shop/productdetails/204294/woolworths-onions-cocktail,https://assets.woolworths.com.au/images/1005/204294.jpg?impolicy=wowsmkqiema&w=260&h=260,$2.50,$5.00 / 1KG,4.2,572, Add to cart , Save to list 
Green's Cake Mix Traditional Chocolate 440g,https://www.woolworths.com.au/shop/productdetails/53941/green-s-cake-mix-traditional-chocolate,https://assets.woolworths.com.au/images/1005/53941.jpg?impolicy=wowsmkqiema&w=260&h=260,$3.00,$0.68 / 100G,,, Add to cart , Save to list 
Annalisa Beans Borlotti 400g,https://www.woolworths.com.au/shop/productdetails/47893/annalisa-beans-borlotti,https://assets.woolworths.com.au/images/1005/47893.jpg?impolicy=wowsmkqiema&w=260&h=260,$1.40,$0.35 / 100G,,, Add to cart , Save to list 
Hikari Japanese Miso Soup Instant Wakame 216g,https://www.woolworths.com.au/shop/productdetails/263256/hikari-japanese-miso-soup-instant-wakame,https://assets.woolworths.com.au/images/1005/263256.jpg?impolicy=wowsmkqiema&w=260&h=260,$4.20,$1.94 / 100G,,, Add to cart , Save to list 
Masterfoods Barbecue Sauce 920ml,https://www.woolworths.com.au/shop/productdetails/258673/masterfoods-barbecue-sauce,https://assets.woolworths.com.au/images/1005/258673.jpg?impolicy=wowsmkqiema&w=260&h=260,$6.00,$0.65 / 100ML,,, Add to cart , Save to list 
Praise French Dressing 99% Fat Free 330ml,https://www.woolworths.com.au/shop/productdetails/164984/praise-french-dressing-99-fat-free,https://assets.woolworths.com.au/images/1005/164984.jpg?impolicy=wowsmkqiema&w=260&h=260,$3.60,$1.09 / 100ML,,, Add to cart , Save to list 
Cobram Estate Extra Virgin Olive Oil Garlic Infused 250ml,https://www.woolworths.com.au/shop/productdetails/345959/cobram-estate-extra-virgin-olive-oil-garlic-infused,https://assets.woolworths.com.au/images/1005/345959.jpg?impolicy=wowsmkqiema&w=260&h=260,$6.90,$2.76 / 100ML,,, Add to cart , Save to list 
Kellogg's Pop Tarts Frosted Strawberry Toaster Pastries 384g,https://www.woolworths.com.au/shop/productdetails/148438/kelloggs-pop-tarts-frosted-strawberry-toaster-pastries,https://assets.woolworths.com.au/images/1005/148438.jpg?impolicy=wowsmkqiema&w=260&h=260,$7.00,$1.82 / 100G,,, Add to cart , Save to list 
Nestle Bakers' Choice Dark Choc Melts 290g,https://www.woolworths.com.au/shop/productdetails/489888/nestle-bakers-choice-dark-choc-melts,https://assets.woolworths.com.au/images/1005/489888.jpg?impolicy=wowsmkqiema&w=260&h=260,$5.00,$1.72 / 100G,,, Add to cart , Save to list 
St Dalfour Orange Marmalade 284g 284g,https://www.woolworths.com.au/shop/productdetails/17628/st-dalfour-orange-marmalade-284g,https://assets.woolworths.com.au/images/1005/17628.jpg?impolicy=wowsmkqiema&w=260&h=260,$5.70,$2.01 / 100G,,, Add to cart , Save to list 
Carman's Low Sugar Granola Raspberry & Coconut 450g,https://www.woolworths.com.au/shop/productdetails/143191/carman-s-low-sugar-granola-raspberry-coconut,https://assets.woolworths.com.au/images/1005/143191.jpg?impolicy=wowsmkqiema&w=260&h=260,$6.90,$1.53 / 100G,,, Add to cart , Save to list 
Maille Mustard Wholegrain Mild 210g,https://www.woolworths.com.au/shop/productdetails/5556/maille-mustard-wholegrain-mild,https://assets.woolworths.com.au/images/1005/5556.jpg?impolicy=wowsmkqiema&w=260&h=260,$5.00,$2.38 / 100G,,, Add to cart , Save to list 
Nando's Lemon & Herb Peri-peri Quick Marinade 260g,https://www.woolworths.com.au/shop/productdetails/701943/nando-s-lemon-herb-peri-peri-quick-marinade,https://assets.woolworths.com.au/images/1005/701943.jpg?impolicy=wowsmkqiema&w=260&h=260,$4.60,$1.77 / 100G,,, Add to cart , Save to list 
The Big Cheese Mac  & Cheese Bowl 105g,https://www.woolworths.com.au/shop/productdetails/212792/big-cheese,https://assets.woolworths.com.au/images/1005/212792.jpg?impolicy=wowsmkqiema&w=260&h=260,$2.00,$1.90 / 100G,,, Add to cart , Save to list 
Mr Chen's Thai Red Curry Paste 190g,https://www.woolworths.com.au/shop/productdetails/224632/mr-chen-s-thai-red-curry-paste,https://assets.woolworths.com.au/images/1005/224632.jpg?impolicy=wowsmkqiema&w=260&h=260,$2.40,$1.26 / 100G,,, Add to cart , Save to list 
Tadim Sunflower Seed Extra Salted 330g,https://www.woolworths.com.au/shop/productdetails/80370/tadim-sunflower-seed-extra-salted,https://assets.woolworths.com.au/images/1005/80370.jpg?impolicy=wowsmkqiema&w=260&h=260,,,,,, Save to list 
Masterfoods Cafe Style Avocado Smash Spice Blend 30g,https://www.woolworths.com.au/shop/productdetails/235502/masterfoods-cafe-style-avocado-smash-spice-blend,https://assets.woolworths.com.au/images/1005/235502.jpg?impolicy=wowsmkqiema&w=260&h=260,$4.50,$1.50 / 10G,,, Add to cart , Save to list 
Mccormick Grill Mates Honey Sriracha American Bbq Dry Marinade 40g,https://www.woolworths.com.au/shop/productdetails/169772/mccormick-grill-mates-honey-sriracha-american-bbq-dry-marinade,https://assets.woolworths.com.au/images/1005/169772.jpg?impolicy=wowsmkqiema&w=260&h=260,$2.50,$0.63 / 10G,,, Add to cart , Save to list 
Jordans Granola Low Sugar Almond Hazelnut 500g,https://www.woolworths.com.au/shop/productdetails/686551/jordans-granola-low-sugar-almond-hazelnut,https://assets.woolworths.com.au/images/1005/686551.jpg?impolicy=wowsmkqiema&w=260&h=260,,,,,, Save to list 
L'or Espresso Ultimo Intensity 13 Coffee Capsules 10 Pack,https://www.woolworths.com.au/shop/productdetails/92329/l-or-espresso-ultimo-intensity-13-coffee-capsules,https://assets.woolworths.com.au/images/1005/92329.jpg?impolicy=wowsmkqiema&w=260&h=260,$5.50,$0.55 / 1EA,,, Add to cart , Save to list 
Rosella Organic Sweet Chilli Sauce 250g,https://www.woolworths.com.au/shop/productdetails/97102/rosella-organic-sweet-chilli-sauce,https://assets.woolworths.com.au/images/1005/97102.jpg?impolicy=wowsmkqiema&w=260&h=260,$6.50,$2.60 / 100G,,, Add to cart , Save to list 
Fantastic Noodles Cup Gluten Free Chicken 45g,https://www.woolworths.com.au/shop/productdetails/819924/fantastic-noodles-cup-gluten-free-chicken,https://assets.woolworths.com.au/images/1005/819924.jpg?impolicy=wowsmkqiema&w=260&h=260,$1.95,$4.33 / 100G,,, Add to cart , Save to list 
Kellogg's Froot Loops Cinnamon Donut Flavour 255g,https://www.woolworths.com.au/shop/productdetails/274873/kelloggs-froot-loops-cinnamon-donut-flavour,https://assets.woolworths.com.au/images/1005/274873.jpg?impolicy=wowsmkqiema&w=260&h=260,$3.50,$1.37 / 100G,,, Add to cart , Save to list 
Nando's Perinaise Mild Peri-peri Mayonnaise Sauce 465g,https://www.woolworths.com.au/shop/productdetails/880522/nando-s-perinaise-mild-peri-peri-mayonnaise-sauce,https://assets.woolworths.com.au/images/1005/880522.jpg?impolicy=wowsmkqiema&w=260&h=260,$7.30,$1.57 / 100G,,, Add to cart , Save to list 
Slendier Instant Cup Noodles Tom Yum 65g,https://www.woolworths.com.au/shop/productdetails/221099/slendier-instant-cup-noodles-tom-yum,https://assets.woolworths.com.au/images/1005/221099.jpg?impolicy=wowsmkqiema&w=260&h=260,$5.20,$8.00 / 100G,,, Add to cart , Save to list 
Heinz Seriously Good Mayonnaise Vegan Aioli Mayo 270ml,https://www.woolworths.com.au/shop/productdetails/164662/heinz-seriously-good-mayonnaise-vegan-aioli-mayo,https://assets.woolworths.com.au/images/1005/164662.jpg?impolicy=wowsmkqiema&w=260&h=260,$5.50,$2.04 / 100ML,,, Add to cart , Save to list 
Arnott's Gluten Free Mint Slice Chocolate Biscuits 141g,https://www.woolworths.com.au/shop/productdetails/221147/arnott-s-gluten-free-mint-slice-chocolate-biscuits,https://assets.woolworths.com.au/images/1005/221147.jpg?impolicy=wowsmkqiema&w=260&h=260,$5.30,$3.76 / 100G,,, Add to cart , Save to list 
St Dalfour Apricot 284g 284g,https://www.woolworths.com.au/shop/productdetails/17347/st-dalfour-apricot-284g,https://assets.woolworths.com.au/images/1005/17347.jpg?impolicy=wowsmkqiema&w=260&h=260,$5.70,$2.01 / 100G,,, Add to cart , Save to list 
Kraft Easy Mac & Cheese Macaroni Pasta Classic Cheese Box 280g,https://www.woolworths.com.au/shop/productdetails/210635/kraft-easy-mac-cheese-macaroni-pasta-classic-cheese-box,https://assets.woolworths.com.au/images/1005/210635.jpg?impolicy=wowsmkqiema&w=260&h=260,$5.10,$1.82 / 100G,,, Add to cart , Save to list 
Living Planet Uht Goats Milk 1l,https://www.woolworths.com.au/shop/productdetails/721421/living-planet-uht-goats-milk,https://assets.woolworths.com.au/images/1005/721421.jpg?impolicy=wowsmkqiema&w=260&h=260,$4.70,$4.70 / 1L,,, Add to cart , Save to list 
Macro Organic Vinegar Balsamic 4 Leaf 250ml,https://www.woolworths.com.au/shop/productdetails/700635/macro-organic-vinegar-balsamic-4-leaf,https://assets.woolworths.com.au/images/1005/700635.jpg?impolicy=wowsmkqiema&w=260&h=260,$6.00,$2.40 / 100ML,4.6,366, Add to cart , Save to list 
Pandaroo Coconut Milk 165ml,https://www.woolworths.com.au/shop/productdetails/111319/pandaroo-coconut-milk,https://assets.woolworths.com.au/images/1005/111319.jpg?impolicy=wowsmkqiema&w=260&h=260,$1.40,$0.85 / 100ML,,, Add to cart , Save to list 
Woolworths Tropical Flavour Jelly 4 Pack,https://www.woolworths.com.au/shop/productdetails/680048/woolworths-tropical-flavour-jelly,https://assets.woolworths.com.au/images/1005/680048.jpg?impolicy=wowsmkqiema&w=260&h=260,$2.11,$4.40 / 1KG,3.3,437, Add to cart , Save to list 
Made With Kombucha Tomato Relish 275g,https://www.woolworths.com.au/shop/productdetails/170904/made-with-kombucha-tomato-relish,https://assets.woolworths.com.au/images/1005/170904.jpg?impolicy=wowsmkqiema&w=260&h=260,$4.50,$1.64 / 100G,,, Add to cart , Save to list 
Masterfoods Classic Gherkin Relish 260g,https://www.woolworths.com.au/shop/productdetails/298979/masterfoods-classic-gherkin-relish,https://assets.woolworths.com.au/images/1005/298979.jpg?impolicy=wowsmkqiema&w=260&h=260,$3.40,$13.08 / 1KG,,, Add to cart , Save to list 
Arnott's Shortbread Cream 50% Less Sugar Cream Biscuits 250g,https://www.woolworths.com.au/shop/productdetails/232012/arnott-s-shortbread-cream-50-less-sugar-cream-biscuits,https://assets.woolworths.com.au/images/1005/232012.jpg?impolicy=wowsmkqiema&w=260&h=260,$4.70,$1.88 / 100G,,, Add to cart , Save to list 
Marion's Kitchen Thai Basil Lime & Coconut Salad Dressing 240ml,https://www.woolworths.com.au/shop/productdetails/167555/marion-s-kitchen-thai-basil-lime-coconut-salad-dressing,https://assets.woolworths.com.au/images/1005/167555.jpg?impolicy=wowsmkqiema&w=260&h=260,$5.00,$2.08 / 100ML,,, Add to cart , Save to list 
Angas Park Dried Apricots 200g,https://www.woolworths.com.au/shop/productdetails/47780/angas-park-dried-apricots-large-dried,https://assets.woolworths.com.au/images/1005/47780.jpg?impolicy=wowsmkqiema&w=260&h=260,$9.00,$45.00 / 1KG,2.0,1, Add to cart , Save to list 
Trident Sriracha Green Chilli Sauce 480ml,https://www.woolworths.com.au/shop/productdetails/242328/trident-sriracha-green-chilli-sauce,https://assets.woolworths.com.au/images/1005/242328.jpg?impolicy=wowsmkqiema&w=260&h=260,$5.00,$1.04 / 100ML,,, Add to cart , Save to list 
Woolworths Lemon & Herb Panko Crumbs 200g,https://www.woolworths.com.au/shop/productdetails/212641/woolworths-lemon-herb-panko-crumbs,https://assets.woolworths.com.au/images/1005/212641.jpg?impolicy=wowsmkqiema&w=260&h=260,$2.30,$0.12 / 10G,,, Add to cart , Save to list 
Natvia Strawberry Fruit Spread 240g,https://www.woolworths.com.au/shop/productdetails/855607/natvia-strawberry-fruit-spread,https://assets.woolworths.com.au/images/1005/855607.jpg?impolicy=wowsmkqiema&w=260&h=260,$6.00,$2.50 / 100G,,, Add to cart , Save to list 
St Dalfour Black Cherry 284g 284g,https://www.woolworths.com.au/shop/productdetails/26662/st-dalfour-black-cherry-284g,https://assets.woolworths.com.au/images/1005/26662.jpg?impolicy=wowsmkqiema&w=260&h=260,$5.70,$2.01 / 100G,,, Add to cart , Save to list 
Woolworths Nespresso Compatible Coffee Capsules Medium 10 Pack,https://www.woolworths.com.au/shop/productdetails/434917/woolworths-nespresso-compatible-coffee-capsules-medium,https://assets.woolworths.com.au/images/1005/434917.jpg?impolicy=wowsmkqiema&w=260&h=260,$3.80,$0.38 / 1EA,3.8,516, Add to cart , Save to list 
Woolworths Sunflower Oil 2l,https://www.woolworths.com.au/shop/productdetails/62001/woolworths-sunflower-oil,https://assets.woolworths.com.au/images/1005/62001.jpg?impolicy=wowsmkqiema&w=260&h=260,$11.90,$0.60 / 100ML,,, Add to cart , Save to list 
Crisco Vegetable Blended Oil 750ml,https://www.woolworths.com.au/shop/productdetails/32991/crisco-vegetable-blended-oil,https://assets.woolworths.com.au/images/1005/32991.jpg?impolicy=wowsmkqiema&w=260&h=260,$5.50,$0.73 / 100ML,,, Add to cart , Save to list 
Gravox Traditional Gravy Mix 29g,https://www.woolworths.com.au/shop/productdetails/757562/gravox-traditional-gravy-mix-traditional,https://assets.woolworths.com.au/images/1005/757562.jpg?impolicy=wowsmkqiema&w=260&h=260,$1.50,$0.52 / 10G,,, Add to cart , Save to list 
Woolworths Nespresso Compatible Coffee Capsules Intense 10 Pack,https://www.woolworths.com.au/shop/productdetails/434919/woolworths-nespresso-compatible-coffee-capsules-intense,https://assets.woolworths.com.au/images/1005/434919.jpg?impolicy=wowsmkqiema&w=260&h=260,$3.80,$0.38 / 1EA,3.8,431, Add to cart , Save to list 
Kellogg's Coco Pops Chex Breakfast Cereal 500g,https://www.woolworths.com.au/shop/productdetails/701726/kelloggs-coco-pops-chex-breakfast-cereal,https://assets.woolworths.com.au/images/1005/701726.jpg?impolicy=wowsmkqiema&w=260&h=260,$9.00,$1.80 / 100G,,, Add to cart , Save to list 
Vittoria Coffee Bags Italian 20 Pack,https://www.woolworths.com.au/shop/productdetails/157685/vittoria-coffee-bags-italian,https://assets.woolworths.com.au/images/1005/157685.jpg?impolicy=wowsmkqiema&w=260&h=260,$12.50,$0.63 / 1EA,,, Add to cart , Save to list 
Vittoria Coffee Bags Mountain Grown 20 Pack,https://www.woolworths.com.au/shop/productdetails/157464/vittoria-coffee-bags-mountain-grown,https://assets.woolworths.com.au/images/1005/157464.jpg?impolicy=wowsmkqiema&w=260&h=260,$12.50,$0.63 / 1EA,,, Add to cart , Save to list 
Aeroplane Dessert Mix Vanilla Flavour 100g,https://www.woolworths.com.au/shop/productdetails/583774/aeroplane-dessert-mix-vanilla-flavour,https://assets.woolworths.com.au/images/1005/583774.jpg?impolicy=wowsmkqiema&w=260&h=260,$1.50,$1.50 / 100G,,, Add to cart , Save to list 
Aunt Betty's Chocolate Steamy Puds 2x95g,https://www.woolworths.com.au/shop/productdetails/726143/aunt-betty-s-chocolate-steamy-puds,https://assets.woolworths.com.au/images/1005/726143.jpg?impolicy=wowsmkqiema&w=260&h=260,$2.45,$1.29 / 100G,,, Add to cart , Save to list 
Laucke Barossa Sourdough Rye Bread Mix 2.4kg,https://www.woolworths.com.au/shop/productdetails/252199/laucke-barossa-sourdough-rye-bread-mix,https://assets.woolworths.com.au/images/1005/252199.jpg?impolicy=wowsmkqiema&w=260&h=260,$10.90,$4.54 / 1KG,,, Add to cart , Save to list 
Sashi's Secret Nasi Goreng Kit 340g,https://www.woolworths.com.au/shop/productdetails/68083/sashi-s-secret-nasi-goreng-kit,https://assets.woolworths.com.au/images/1005/68083.jpg?impolicy=wowsmkqiema&w=260&h=260,,,,,, Save to list 
Masterfoods Slow Cooker Garlic & Herb Lamb Shanks 175g,https://www.woolworths.com.au/shop/productdetails/345636/masterfoods-slow-cooker-garlic-herb-lamb-shanks,https://assets.woolworths.com.au/images/1005/345636.jpg?impolicy=wowsmkqiema&w=260&h=260,$2.80,$1.60 / 100G,,, Add to cart , Save to list 
Kraft Vegan Mac & Cheese Macaroni Pasta Instant Noodles Cheese 150g,https://www.woolworths.com.au/shop/productdetails/167302/kraft-vegan-mac-cheese-macaroni-pasta-instant-noodles-cheese,https://assets.woolworths.com.au/images/1005/167302.jpg?impolicy=wowsmkqiema&w=260&h=260,,,,,, Save to list 
Beerenberg Roadhouse Steak Sauce 300ml,https://www.woolworths.com.au/shop/productdetails/475350/beerenberg-roadhouse-steak-sauce,https://assets.woolworths.com.au/images/1005/475350.jpg?impolicy=wowsmkqiema&w=260&h=260,$6.50,$2.17 / 100ML,,, Add to cart , Save to list 
Sandhurst Artichoke Marinated 170g,https://www.woolworths.com.au/shop/productdetails/739241/sandhurst-artichoke-marinated,https://assets.woolworths.com.au/images/1005/739241.jpg?impolicy=wowsmkqiema&w=260&h=260,$3.70,$21.76 / 1KG,,, Add to cart , Save to list 
Skippy Super Chunk Peanut Butter 462g,https://www.woolworths.com.au/shop/productdetails/237393/skippy-super-chunk-peanut-butter,https://assets.woolworths.com.au/images/1005/237393.jpg?impolicy=wowsmkqiema&w=260&h=260,$4.00,$0.87 / 100G,,, Add to cart , Save to list 
Aeroplane Jelly Lite Strawberry Flavour Low Calorie Jelly Crystals 2x9g,https://www.woolworths.com.au/shop/productdetails/5665/aeroplane-jelly-lite-strawberry-flavour-low-calorie-jelly-crystals,https://assets.woolworths.com.au/images/1005/5665.jpg?impolicy=wowsmkqiema&w=260&h=260,$2.20,$12.22 / 100G,,, Add to cart , Save to list 
Madura Premium Blend Tea Bags 50 Pack 100g,https://www.woolworths.com.au/shop/productdetails/24833/madura-premium-blend-tea-bags,https://assets.woolworths.com.au/images/1005/24833.jpg?impolicy=wowsmkqiema&w=260&h=260,$5.45,$0.11 / 1EA,,, Add to cart , Save to list 
Queen Rose Pink Food Colour 50ml,https://www.woolworths.com.au/shop/productdetails/37362/queen-rose-pink-food-colour,https://assets.woolworths.com.au/images/1005/37362.jpg?impolicy=wowsmkqiema&w=260&h=260,$1.20,$0.24 / 10ML,,, Add to cart , Save to list 
Swizzels Squashies Original 160g,https://www.woolworths.com.au/shop/productdetails/60166/swizzels-squashies-original,https://assets.woolworths.com.au/images/1005/60166.jpg?impolicy=wowsmkqiema&w=260&h=260,$3.50,$2.19 / 100G,,, Add to cart , Save to list 
Cobram Estate Extra Virgin Rich & Robust Olive Oil 375ml,https://www.woolworths.com.au/shop/productdetails/302643/cobram-estate-extra-virgin-rich-robust-olive-oil,https://assets.woolworths.com.au/images/1005/302643.jpg?impolicy=wowsmkqiema&w=260&h=260,$8.50,$2.27 / 100ML,,, Add to cart , Save to list 
Gravox Brown Onion Gravy Mix Tin 120g,https://www.woolworths.com.au/shop/productdetails/38904/gravox-brown-onion-gravy-mix-tin-mix-brown-onion,https://assets.woolworths.com.au/images/1005/38904.jpg?impolicy=wowsmkqiema&w=260&h=260,$5.00,$0.42 / 10G,,, Add to cart , Save to list 
Twinings Live Well Digest Tea Bags 22 Pack,https://www.woolworths.com.au/shop/productdetails/226199/twinings-live-well-digest-tea-bags,https://assets.woolworths.com.au/images/1005/226199.jpg?impolicy=wowsmkqiema&w=260&h=260,$7.50,$0.34 / 1EA,,, Add to cart , Save to list 
Woolworths Yellowfin Tuna Olive Oil With Red Chilli 160g,https://www.woolworths.com.au/shop/productdetails/194213/woolworths-yellowfin-tuna-olive-oil-with-red-chilli,https://assets.woolworths.com.au/images/1005/194213.jpg?impolicy=wowsmkqiema&w=260&h=260,$3.50,$21.88 / 1KG,4.1,77, Add to cart , Save to list 
Dole Premium Tropical Pineapple Chunks In Juice 227g,https://www.woolworths.com.au/shop/productdetails/841348/dole-premium-tropical-pineapple-chunks-in-juice,https://assets.woolworths.com.au/images/1005/841348.jpg?impolicy=wowsmkqiema&w=260&h=260,$2.10,$9.25 / 1KG,,, Add to cart , Save to list 
Paul Newman's Dressings Classic Salad 250ml,https://www.woolworths.com.au/shop/productdetails/94223/paul-newman-s-dressings-classic-salad,https://assets.woolworths.com.au/images/1005/94223.jpg?impolicy=wowsmkqiema&w=260&h=260,$3.00,$1.20 / 100ML,,, Add to cart , Save to list 
Sacla Organic Pesto Classic Basil 190g,https://www.woolworths.com.au/shop/productdetails/152673/sacla-organic-pesto-classic-basil,https://assets.woolworths.com.au/images/1005/152673.jpg?impolicy=wowsmkqiema&w=260&h=260,$6.80,$3.58 / 100G,,, Add to cart , Save to list 
Masterfoods Vietnamese Style Hoisin Sauce 250ml,https://www.woolworths.com.au/shop/productdetails/166682/masterfoods-vietnamese-style-hoisin-sauce,https://assets.woolworths.com.au/images/1005/166682.jpg?impolicy=wowsmkqiema&w=260&h=260,$4.50,$1.80 / 100ML,,, Add to cart , Save to list 
Moccona Coffee Sachets Strong Cappuccino 10 Pack,https://www.woolworths.com.au/shop/productdetails/174190/moccona-coffee-sachets-strong-cappuccino,https://assets.woolworths.com.au/images/1005/174190.jpg?impolicy=wowsmkqiema&w=260&h=260,$3.50,$0.35 / 1EA,,, Add to cart , Save to list 
Sunrice Organic Brown Rice 750g,https://www.woolworths.com.au/shop/productdetails/765674/sunrice-organic-brown-rice,https://assets.woolworths.com.au/images/1005/765674.jpg?impolicy=wowsmkqiema&w=260&h=260,$5.00,$0.67 / 100G,5.0,1, Add to cart , Save to list 
Sunsweet Prunes Pitted 200g,https://www.woolworths.com.au/shop/productdetails/259201/sunsweet-prunes-pitted,https://assets.woolworths.com.au/images/1005/259201.jpg?impolicy=wowsmkqiema&w=260&h=260,$4.95,$24.75 / 1KG,4.0,1, Add to cart , Save to list 
Nando's Perinaise Hot Peri-peri Mayonnaise Sauce 265g,https://www.woolworths.com.au/shop/productdetails/473744/nando-s-perinaise-hot-peri-peri-mayonnaise-sauce,https://assets.woolworths.com.au/images/1005/473744.jpg?impolicy=wowsmkqiema&w=260&h=260,$4.80,$1.81 / 100G,,, Add to cart , Save to list 
Kellogg's Sultana Bran Breakfast Cereal 700g,https://www.woolworths.com.au/shop/productdetails/200413/kelloggs-sultana-bran-breakfast-cereal,https://assets.woolworths.com.au/images/1005/200413.jpg?impolicy=wowsmkqiema&w=260&h=260,$9.00,$1.29 / 100G,,, Add to cart , Save to list 
Nescafe Coffee Sachets Mocha 10 Pack,https://www.woolworths.com.au/shop/productdetails/226106/nescafe-coffee-sachets-mocha-mocha,https://assets.woolworths.com.au/images/1005/226106.jpg?impolicy=wowsmkqiema&w=260&h=260,$7.60,$0.76 / 1EA,,, Add to cart , Save to list 
Harvest Sausages Vegetables 425g,https://www.woolworths.com.au/shop/productdetails/34021/harvest-sausages-vegetables,https://assets.woolworths.com.au/images/1005/34021.jpg?impolicy=wowsmkqiema&w=260&h=260,$5.00,$11.76 / 1KG,,, Add to cart , Save to list 
Vogel's Low Carb Granola Apple Crumble & Cinnamon 360g,https://www.woolworths.com.au/shop/productdetails/225942/vogel-s-low-carb-granola-apple-crumble-cinnamon,https://assets.woolworths.com.au/images/1005/225942.jpg?impolicy=wowsmkqiema&w=260&h=260,$9.50,$2.64 / 100G,,, Add to cart , Save to list 
Woolworths Strawberry Flavoured Jelly In Pouch 95g,https://www.woolworths.com.au/shop/productdetails/669983/woolworths-strawberry-flavoured-jelly-in-pouch,https://assets.woolworths.com.au/images/1005/669983.jpg?impolicy=wowsmkqiema&w=260&h=260,$0.95,$10.00 / 1KG,2.8,211, Add to cart , Save to list 
Kellogg's Nutri-grain Choc Malt Flavour Breakfast Cereal 435g,https://www.woolworths.com.au/shop/productdetails/260055/kelloggs-nutri-grain-choc-malt-flavour-breakfast-cereal,https://assets.woolworths.com.au/images/1005/260055.jpg?impolicy=wowsmkqiema&w=260&h=260,$6.00,$1.38 / 100G,,, Add to cart , Save to list 
Twinings Live Well Defence Tea Bags 20 Pack,https://www.woolworths.com.au/shop/productdetails/226591/twinings-live-well-defence-tea-bags,https://assets.woolworths.com.au/images/1005/226591.jpg?impolicy=wowsmkqiema&w=260&h=260,$7.50,$0.38 / 1EA,,, Add to cart , Save to list 
Heinz Seriously Good Mayonnaise Spicy Peri Peri Mayo 295ml,https://www.woolworths.com.au/shop/productdetails/787154/heinz-seriously-good-mayonnaise-spicy-peri-peri-mayo,https://assets.woolworths.com.au/images/1005/787154.jpg?impolicy=wowsmkqiema&w=260&h=260,$5.50,$1.86 / 100ML,,, Add to cart , Save to list 
Starbucks Macchiato Madagascan Vanilla With Blonde Espresso Roast 12 Pack,https://www.woolworths.com.au/shop/productdetails/224376/starbucks-macchiato-madagascan-vanilla-with-blonde-espresso-roast,https://assets.woolworths.com.au/images/1005/224376.jpg?impolicy=wowsmkqiema&w=260&h=260,$10.00,$0.83 / 1EA,,, Add to cart , Save to list 
Fantastic Chicken & Corn Noodle Cup 70g,https://www.woolworths.com.au/shop/productdetails/37466/fantastic-chicken-corn-noodle-cup,https://assets.woolworths.com.au/images/1005/37466.jpg?impolicy=wowsmkqiema&w=260&h=260,$1.95,$2.79 / 100G,,, Add to cart , Save to list 
Kellogg's All-bran Wheat Flakes Breakfast Cereal 330g,https://www.woolworths.com.au/shop/productdetails/701725/kelloggs-all-bran-wheat-flakes-breakfast-cereal,https://assets.woolworths.com.au/images/1005/701725.jpg?impolicy=wowsmkqiema&w=260&h=260,$4.80,$1.45 / 100G,,, Add to cart , Save to list 
Nando's Medium Peri-peri Chilli Sauce Peri Peri Sauce 250g,https://www.woolworths.com.au/shop/productdetails/473749/nando-s-medium-peri-peri-chilli-sauce-peri-peri-sauce,https://assets.woolworths.com.au/images/1005/473749.jpg?impolicy=wowsmkqiema&w=260&h=260,$6.80,$2.72 / 100G,,, Add to cart , Save to list 
Masterfoods Ground Ginger 25g,https://www.woolworths.com.au/shop/productdetails/32503/masterfoods-ground-ginger,https://assets.woolworths.com.au/images/1005/32503.jpg?impolicy=wowsmkqiema&w=260&h=260,$2.30,$0.92 / 10G,,, Add to cart , Save to list 
Gravox Roast Chicken With Herbs Family Pack Liquid Gravy Pouch 250g,https://www.woolworths.com.au/shop/productdetails/323716/gravox-roast-chicken-with-herbs-family-pack-liquid-gravy-pouch,https://assets.woolworths.com.au/images/1005/323716.jpg?impolicy=wowsmkqiema&w=260&h=260,$4.00,$1.60 / 100G,,, Add to cart , Save to list 
Hoyts Seasoning Lemon & Pepper 50g,https://www.woolworths.com.au/shop/productdetails/70348/hoyts-seasoning-lemon-pepper,https://assets.woolworths.com.au/images/1005/70348.jpg?impolicy=wowsmkqiema&w=260&h=260,$2.60,$0.52 / 10G,,, Add to cart , Save to list 
Beechworth 100% Pure Australian Honey Squeeze 400g,https://www.woolworths.com.au/shop/productdetails/194384/beechworth-100-pure-australian-honey-squeeze,https://assets.woolworths.com.au/images/1005/194384.jpg?impolicy=wowsmkqiema&w=260&h=260,$7.50,$1.88 / 100G,,, Add to cart , Save to list 
Lee Kum Kee Cantonese Chicken Ready Sauce 120g,https://www.woolworths.com.au/shop/productdetails/15226/lee-kum-kee-cantonese-chicken-ready-sauce,https://assets.woolworths.com.au/images/1005/15226.jpg?impolicy=wowsmkqiema&w=260&h=260,$1.60,$1.33 / 100G,5.0,1, Add to cart , Save to list 
Macro Organic Steel Cut Oats 500g,https://www.woolworths.com.au/shop/productdetails/664722/macro-organic-steel-cut-oats,https://assets.woolworths.com.au/images/1005/664722.jpg?impolicy=wowsmkqiema&w=260&h=260,$3.50,$0.70 / 100G,4.0,268, Add to cart , Save to list 
Masterfoods Onion Flakes 100g,https://www.woolworths.com.au/shop/productdetails/38077/masterfoods-onion-flakes,https://assets.woolworths.com.au/images/1005/38077.jpg?impolicy=wowsmkqiema&w=260&h=260,$5.00,$0.50 / 10G,,, Add to cart , Save to list 
Uncle Tobys Oat Crisp Almond Breakfast Cereal 415g,https://www.woolworths.com.au/shop/productdetails/319321/uncle-tobys-oat-crisp-almond-breakfast-cereal,https://assets.woolworths.com.au/images/1005/319321.jpg?impolicy=wowsmkqiema&w=260&h=260,$6.00,$1.45 / 100G,,, Add to cart , Save to list 
Woolworths Cloves Ground 30g,https://www.woolworths.com.au/shop/productdetails/251002/woolworths-cloves-ground,https://assets.woolworths.com.au/images/1005/251002.jpg?impolicy=wowsmkqiema&w=260&h=260,$3.20,$1.07 / 10G,,, Add to cart , Save to list 
Chang's Salad Dressing Oriental 280ml,https://www.woolworths.com.au/shop/productdetails/354423/chang-s-salad-dressing-oriental,https://assets.woolworths.com.au/images/1005/354423.jpg?impolicy=wowsmkqiema&w=260&h=260,$2.40,$0.86 / 100ML,,, Add to cart , Save to list 
Masterfoods Oregano Leaves 5g,https://www.woolworths.com.au/shop/productdetails/35398/masterfoods-oregano-leaves,https://assets.woolworths.com.au/images/1005/35398.jpg?impolicy=wowsmkqiema&w=260&h=260,$2.60,$5.20 / 10G,,, Add to cart , Save to list 
Gardener Orange Marmalade 450g,https://www.woolworths.com.au/shop/productdetails/198247/gardener-orange-marmalade,https://assets.woolworths.com.au/images/1005/198247.jpg?impolicy=wowsmkqiema&w=260&h=260,$1.90,$0.42 / 100G,3.9,706, Add to cart , Save to list 
Macro Organic Gluten Free Penne 350g,https://www.woolworths.com.au/shop/productdetails/68981/macro-organic-gluten-free-penne,https://assets.woolworths.com.au/images/1005/68981.jpg?impolicy=wowsmkqiema&w=260&h=260,$3.70,$1.06 / 100G,4.2,407, Add to cart , Save to list 
White Wings Cake In A Cup Double Chocolate 220g,https://www.woolworths.com.au/shop/productdetails/443382/white-wings-cake-in-a-cup-double-chocolate,https://assets.woolworths.com.au/images/1005/443382.jpg?impolicy=wowsmkqiema&w=260&h=260,$5.00,$2.27 / 100G,,, Add to cart , Save to list 
Patak's Butter Chicken Curry Paste 312g,https://www.woolworths.com.au/shop/productdetails/174742/patak-s-butter-chicken-curry-paste-paste,https://assets.woolworths.com.au/images/1005/174742.jpg?impolicy=wowsmkqiema&w=260&h=260,$5.00,$1.60 / 100G,,, Add to cart , Save to list 
Bonne Maman Apricot Jam 370g,https://www.woolworths.com.au/shop/productdetails/63083/bonne-maman-apricot-jam,https://assets.woolworths.com.au/images/1005/63083.jpg?impolicy=wowsmkqiema&w=260&h=260,$5.50,$1.49 / 100G,,, Add to cart , Save to list 
La Molisana Pesto Al Basilico 190g,https://www.woolworths.com.au/shop/productdetails/185963/la-molisana-pesto-al-basilico,https://assets.woolworths.com.au/images/1005/185963.jpg?impolicy=wowsmkqiema&w=260&h=260,$4.50,$2.37 / 100G,,, Add to cart , Save to list 
Noya Abc Almond Brazil & Cashew Nut Butter 250g,https://www.woolworths.com.au/shop/productdetails/96010/noya-abc-almond-brazil-cashew-nut-butter,https://assets.woolworths.com.au/images/1005/96010.jpg?impolicy=wowsmkqiema&w=260&h=260,$7.20,$2.88 / 100G,,, Add to cart , Save to list 
Masterfoods Lemon Pepper Seasoning 170ml,https://www.woolworths.com.au/shop/productdetails/92157/masterfoods-lemon-pepper-seasoning,https://assets.woolworths.com.au/images/1005/92157.jpg?impolicy=wowsmkqiema&w=260&h=260,$6.00,$0.35 / 10G,4.0,1, Add to cart , Save to list 
Woolworths Dolmades Traditional Traditional 280g,https://www.woolworths.com.au/shop/productdetails/262151/woolworths-dolmades-traditional-traditional,https://assets.woolworths.com.au/images/1005/262151.jpg?impolicy=wowsmkqiema&w=260&h=260,$4.00,$14.29 / 1KG,3.2,424, Add to cart , Save to list 
Green's Red Velvet Cupcake Mix 410g,https://www.woolworths.com.au/shop/productdetails/661509/green-s-red-velvet-cupcake-mix,https://assets.woolworths.com.au/images/1005/661509.jpg?impolicy=wowsmkqiema&w=260&h=260,$4.50,$1.10 / 100G,5.0,1, Add to cart , Save to list 
Mckenzie's Soup Mix Italian Style 375g,https://www.woolworths.com.au/shop/productdetails/39916/mckenzie-s-soup-mix-italian-style,https://assets.woolworths.com.au/images/1005/39916.jpg?impolicy=wowsmkqiema&w=260&h=260,$2.60,$0.69 / 100G,,, Add to cart , Save to list 
Coco Earth Ghee Clarified Butter Grass Fed 500ml,https://www.woolworths.com.au/shop/productdetails/175500/coco-earth-ghee-clarified-butter-grass-fed,https://assets.woolworths.com.au/images/1005/175500.jpg?impolicy=wowsmkqiema&w=260&h=260,$5.60,$1.12 / 100ML,,, Add to cart , Save to list 
Fountain Thick Mint Sauce 250ml,https://www.woolworths.com.au/shop/productdetails/59360/fountain-thick-mint-sauce,https://assets.woolworths.com.au/images/1005/59360.jpg?impolicy=wowsmkqiema&w=260&h=260,$3.50,$1.40 / 100ML,,, Add to cart , Save to list 
Pic's Peanut Butter Crunchy 380g,https://www.woolworths.com.au/shop/productdetails/360257/pic-s-peanut-butter-crunchy,https://assets.woolworths.com.au/images/1005/360257.jpg?impolicy=wowsmkqiema&w=260&h=260,$6.00,$1.58 / 100G,,, Add to cart , Save to list 
Saxa Black Whole Peppercorns Pepper 190g,https://www.woolworths.com.au/shop/productdetails/118118/saxa-black-whole-peppercorns-pepper,https://assets.woolworths.com.au/images/1005/118118.jpg?impolicy=wowsmkqiema&w=260&h=260,$7.00,$0.37 / 10G,,, Add to cart , Save to list 
Cadbury Baking Dark Chocolate Block 180g,https://www.woolworths.com.au/shop/productdetails/813868/cadbury-baking-dark-chocolate-block,https://assets.woolworths.com.au/images/1005/813868.jpg?impolicy=wowsmkqiema&w=260&h=260,$2.70,$1.50 / 100G,,, Add to cart , Save to list 
Bega Simply Nuts Smooth 325g,https://www.woolworths.com.au/shop/productdetails/845897/bega-simply-nuts-smooth,https://assets.woolworths.com.au/images/1005/845897.jpg?impolicy=wowsmkqiema&w=260&h=260,$5.50,$1.69 / 100G,,, Add to cart , Save to list 
Hoyts Cayenne Pepper 50g,https://www.woolworths.com.au/shop/productdetails/94629/hoyts-cayenne-pepper,https://assets.woolworths.com.au/images/1005/94629.jpg?impolicy=wowsmkqiema&w=260&h=260,$2.00,$0.40 / 10G,,, Add to cart , Save to list 
Lian Vietnamese Pho Rice Noodle Beef 70g,https://www.woolworths.com.au/shop/productdetails/38219/lian-vietnamese-pho-rice-noodle-beef,https://assets.woolworths.com.au/images/1005/38219.jpg?impolicy=wowsmkqiema&w=260&h=260,$2.20,$3.14 / 100G,,, Add to cart , Save to list 
Passage To India Simmer Sauce Extra Mild Butter Chicken 375g,https://www.woolworths.com.au/shop/productdetails/826262/passage-to-india-simmer-sauce-extra-mild-butter-chicken,https://assets.woolworths.com.au/images/1005/826262.jpg?impolicy=wowsmkqiema&w=260&h=260,$3.99,$1.06 / 100G,,, Add to cart , Save to list 
Twinings Live Well Focus Tea Bags 22 Pack,https://www.woolworths.com.au/shop/productdetails/225618/twinings-live-well-focus-tea-bags,https://assets.woolworths.com.au/images/1005/225618.jpg?impolicy=wowsmkqiema&w=260&h=260,$7.50,$0.34 / 1EA,,, Add to cart , Save to list 
Crisco Sunflower Oil 750ml,https://www.woolworths.com.au/shop/productdetails/39950/crisco-sunflower-oil,https://assets.woolworths.com.au/images/1005/39950.jpg?impolicy=wowsmkqiema&w=260&h=260,$7.50,$1.00 / 100ML,,, Add to cart , Save to list 
F. Whitlock & Sons Texas Bbq Style Marinade 400ml,https://www.woolworths.com.au/shop/productdetails/169905/f-whitlock-sons-texas-bbq-style-marinade,https://assets.woolworths.com.au/images/1005/169905.jpg?impolicy=wowsmkqiema&w=260&h=260,$5.50,$1.38 / 100ML,,, Add to cart , Save to list 
Masterfoods Seasoning Spaghetti Bolognese 40g,https://www.woolworths.com.au/shop/productdetails/23030/masterfoods-seasoning-spaghetti-bolognese,https://assets.woolworths.com.au/images/1005/23030.jpg?impolicy=wowsmkqiema&w=260&h=260,$7.00,$1.75 / 10G,,, Add to cart , Save to list 
Riviana Microwave Basmati Pouch Coconut 250g,https://www.woolworths.com.au/shop/productdetails/203493/riviana-microwave-basmati-pouch-coconut,https://assets.woolworths.com.au/images/1005/203493.jpg?impolicy=wowsmkqiema&w=260&h=260,$3.70,$1.48 / 100G,,, Add to cart , Save to list 
Heinz Street Food Roasted Garlic Sauce For Sandwich Or Kebab 295ml,https://www.woolworths.com.au/shop/productdetails/165782/heinz-street-food-roasted-garlic-sauce-for-sandwich-or-kebab,https://assets.woolworths.com.au/images/1005/165782.jpg?impolicy=wowsmkqiema&w=260&h=260,$4.75,$1.61 / 100ML,,, Add to cart , Save to list 
Uncle Tobys Oat Flakes Breakfast Cereal Flakes 640g,https://www.woolworths.com.au/shop/productdetails/329102/uncle-tobys-oat-flakes-breakfast-cereal-flakes,https://assets.woolworths.com.au/images/1005/329102.jpg?impolicy=wowsmkqiema&w=260&h=260,$6.00,$0.94 / 100G,,, Add to cart , Save to list 
Woolworths Wild Alaskan Salmon & Lentil Salad 185g,https://www.woolworths.com.au/shop/productdetails/132885/woolworths-wild-alaskan-salmon-lentil-salad,https://assets.woolworths.com.au/images/1005/132885.jpg?impolicy=wowsmkqiema&w=260&h=260,$3.50,$18.92 / 1KG,3.4,421, Add to cart , Save to list 
Gravox Traditional Gravy Mix 425g,https://www.woolworths.com.au/shop/productdetails/38723/gravox-traditional-gravy-mix-traditional,https://assets.woolworths.com.au/images/1005/38723.jpg?impolicy=wowsmkqiema&w=260&h=260,$6.30,$0.15 / 10G,,, Add to cart , Save to list 
Masterfoods Onion Salt 178g,https://www.woolworths.com.au/shop/productdetails/115148/masterfoods-onion-salt,https://assets.woolworths.com.au/images/1005/115148.jpg?impolicy=wowsmkqiema&w=260&h=260,$4.50,$0.25 / 10G,,, Add to cart , Save to list 
A2 Milk Full Cream Uht Milk 1l,https://www.woolworths.com.au/shop/productdetails/207328/a2-milk-full-cream-uht-milk,https://assets.woolworths.com.au/images/1005/207328.jpg?impolicy=wowsmkqiema&w=260&h=260,$3.50,$3.50 / 1L,,, Add to cart , Save to list 
Moccona Coffee Sachets Vanilla Latte 10 Pack,https://www.woolworths.com.au/shop/productdetails/175526/moccona-coffee-sachets-vanilla-latte,https://assets.woolworths.com.au/images/1005/175526.jpg?impolicy=wowsmkqiema&w=260&h=260,$3.50,$0.35 / 1EA,,, Add to cart , Save to list 
Supreme Noodles Cup Oriental Flavour 70g,https://www.woolworths.com.au/shop/productdetails/239859/supreme-noodles-cup-oriental-flavour,https://assets.woolworths.com.au/images/1005/239859.jpg?impolicy=wowsmkqiema&w=260&h=260,$1.25,$1.79 / 100G,,, Add to cart , Save to list 
Cadbury Baking Dark 70% Cocoa Chocolate Block 180g,https://www.woolworths.com.au/shop/productdetails/813878/cadbury-baking-dark-70-cocoa-chocolate-block,https://assets.woolworths.com.au/images/1005/813878.jpg?impolicy=wowsmkqiema&w=260&h=260,$2.70,$1.50 / 100G,,, Add to cart , Save to list 
Masterfoods Dried Mixed Herbs 10g,https://www.woolworths.com.au/shop/productdetails/36349/masterfoods-dried-mixed-herbs,https://assets.woolworths.com.au/images/1005/36349.jpg?impolicy=wowsmkqiema&w=260&h=260,$2.90,$2.90 / 10G,,, Add to cart , Save to list 
Pantalica Parmesan Cheese 100g,https://www.woolworths.com.au/shop/productdetails/207794/pantalica-parmesan-cheese,https://assets.woolworths.com.au/images/1005/207794.jpg?impolicy=wowsmkqiema&w=260&h=260,$3.20,$32.00 / 1KG,,, Add to cart , Save to list 
Macro Organic Plain Flour 1kg,https://www.woolworths.com.au/shop/productdetails/215462/macro-organic-plain-flour,https://assets.woolworths.com.au/images/1005/215462.jpg?impolicy=wowsmkqiema&w=260&h=260,$4.50,$4.50 / 1KG,,, Add to cart , Save to list 
Cadbury Baking Milk Chocolate Chips Value Pack 410g,https://www.woolworths.com.au/shop/productdetails/208101/cadbury-baking-milk-chocolate-chips-value-pack,https://assets.woolworths.com.au/images/1005/208101.jpg?impolicy=wowsmkqiema&w=260&h=260,$6.00,$1.46 / 100G,,, Add to cart , Save to list 
Macro Organic Shredded Coconut 200g,https://www.woolworths.com.au/shop/productdetails/335088/macro-organic-shredded-coconut,https://assets.woolworths.com.au/images/1005/335088.jpg?impolicy=wowsmkqiema&w=260&h=260,$4.40,$22.00 / 1KG,4.5,449, Add to cart , Save to list 
F. Whitlock & Sons Yakitori Style Marinade 400ml,https://www.woolworths.com.au/shop/productdetails/169395/f-whitlock-sons-yakitori-style-marinade,https://assets.woolworths.com.au/images/1005/169395.jpg?impolicy=wowsmkqiema&w=260&h=260,$5.50,$1.38 / 100ML,,, Add to cart , Save to list 
Fehlbergs Jalapenos Pickled 470g,https://www.woolworths.com.au/shop/productdetails/829338/fehlbergs-jalapenos-pickled,https://assets.woolworths.com.au/images/1005/829338.jpg?impolicy=wowsmkqiema&w=260&h=260,$4.20,$8.94 / 1KG,,, Add to cart , Save to list 
Praise Whole Egg Mayonnaise Mayonnaise 335g,https://www.woolworths.com.au/shop/productdetails/253433/praise-whole-egg-mayonnaise-mayonnaise,https://assets.woolworths.com.au/images/1005/253433.jpg?impolicy=wowsmkqiema&w=260&h=260,$5.50,$1.64 / 100G,,, Add to cart , Save to list 
Sanitarium Crunchy No Added Sugar Or Salt Peanut Butter 500g,https://www.woolworths.com.au/shop/productdetails/215943/sanitarium-crunchy-no-added-sugar-or-salt-peanut-butter,https://assets.woolworths.com.au/images/1005/215943.jpg?impolicy=wowsmkqiema&w=260&h=260,$4.00,$0.80 / 100G,,, Add to cart , Save to list 
"Amy's Kitchen Hearty Organic Quinoa, Kale & Red Lentil Soup 408g",https://www.woolworths.com.au/shop/productdetails/198160/amy-s-kitchen-hearty-organic-quinoa-kale-red-lentil-soup,https://assets.woolworths.com.au/images/1005/198160.jpg?impolicy=wowsmkqiema&w=260&h=260,$3.90,$0.96 / 100G,,, Add to cart , Save to list 
Aeroplane Original Port Wine Flavoured Jelly 85g,https://www.woolworths.com.au/shop/productdetails/6082/aeroplane-original-port-wine-flavoured-jelly,https://assets.woolworths.com.au/images/1005/6082.jpg?impolicy=wowsmkqiema&w=260&h=260,$1.10,$1.29 / 100G,,, Add to cart , Save to list 
Fruit For Life Dried Mango Slices 150g,https://www.woolworths.com.au/shop/productdetails/340056/fruit-for-life-dried-mango-slices-dried,https://assets.woolworths.com.au/images/1005/340056.jpg?impolicy=wowsmkqiema&w=260&h=260,$6.00,$40.00 / 1KG,,, Add to cart , Save to list 
Gravox Diane Sauce Liquid Pouch 165g,https://www.woolworths.com.au/shop/productdetails/245952/gravox-diane-sauce-liquid-pouch-diane,https://assets.woolworths.com.au/images/1005/245952.jpg?impolicy=wowsmkqiema&w=260&h=260,$3.50,$2.12 / 100G,,, Add to cart , Save to list 
Masterfoods Slow Cooker Beef & Red Wine Casserole 175g,https://www.woolworths.com.au/shop/productdetails/323403/masterfoods-slow-cooker-beef-red-wine-casserole,https://assets.woolworths.com.au/images/1005/323403.jpg?impolicy=wowsmkqiema&w=260&h=260,$2.80,$1.60 / 100G,,, Add to cart , Save to list 
Woolworths Mandarin In Juice Cups 4 Pack,https://www.woolworths.com.au/shop/productdetails/188440/woolworths-mandarin-in-juice-cups,https://assets.woolworths.com.au/images/1005/188440.jpg?impolicy=wowsmkqiema&w=260&h=260,$2.00,$4.00 / 1KG,3.6,587, Add to cart , Save to list 
Masterfoods Cafe Style Everything Eggs Spice Blend 30g,https://www.woolworths.com.au/shop/productdetails/235114/masterfoods-cafe-style-everything-eggs-spice-blend,https://assets.woolworths.com.au/images/1005/235114.jpg?impolicy=wowsmkqiema&w=260&h=260,$4.50,$1.50 / 10G,,, Add to cart , Save to list 
Aunt Betty's Golden Syrup Steamy Puds 2x95g,https://www.woolworths.com.au/shop/productdetails/726089/aunt-betty-s-golden-syrup-steamy-puds,https://assets.woolworths.com.au/images/1005/726089.jpg?impolicy=wowsmkqiema&w=260&h=260,$2.45,$1.29 / 100G,,, Add to cart , Save to list 
Gourmet Garden Herb Tube Ginger 115g,https://www.woolworths.com.au/shop/productdetails/59809/gourmet-garden-herb-tube-ginger,https://assets.woolworths.com.au/images/1005/59809.jpg?impolicy=wowsmkqiema&w=260&h=260,$5.00,$0.43 / 10G,,, Add to cart , Save to list 
"Vogel's Low Carb Granola Raspberry, Blueberry & Almond 360g",https://www.woolworths.com.au/shop/productdetails/225360/vogel-s-low-carb-granola-raspberry-blueberry-almond,https://assets.woolworths.com.au/images/1005/225360.jpg?impolicy=wowsmkqiema&w=260&h=260,$9.50,$2.64 / 100G,,, Add to cart , Save to list 
Masterfoods Chilli Flakes 18g,https://www.woolworths.com.au/shop/productdetails/44782/masterfoods-chilli-flakes,https://assets.woolworths.com.au/images/1005/44782.jpg?impolicy=wowsmkqiema&w=260&h=260,$3.30,$1.83 / 10G,5.0,1, Add to cart , Save to list 
Best Foods Real Mayonnaise Jar 810g,https://www.woolworths.com.au/shop/productdetails/332183/best-foods-real-mayonnaise-jar,https://assets.woolworths.com.au/images/1005/332183.jpg?impolicy=wowsmkqiema&w=260&h=260,$8.50,$1.05 / 100G,,, Add to cart , Save to list 
Barilla Collezione Lasagne 250g,https://www.woolworths.com.au/shop/productdetails/195952/barilla-collezione-lasagne,https://assets.woolworths.com.au/images/1005/195952.jpg?impolicy=wowsmkqiema&w=260&h=260,$3.60,$1.44 / 100G,,, Add to cart , Save to list 
Masterfoods Ground Paprika 35g,https://www.woolworths.com.au/shop/productdetails/32775/masterfoods-ground-paprika,https://assets.woolworths.com.au/images/1005/32775.jpg?impolicy=wowsmkqiema&w=260&h=260,$2.90,$0.83 / 10G,,, Add to cart , Save to list 
Fantastic Crispy Bacon Noodle Cup 70g,https://www.woolworths.com.au/shop/productdetails/37493/fantastic-crispy-bacon-noodle-cup,https://assets.woolworths.com.au/images/1005/37493.jpg?impolicy=wowsmkqiema&w=260&h=260,$1.95,$2.79 / 100G,,, Add to cart , Save to list 
Green's Classic Banana Bread 400g,https://www.woolworths.com.au/shop/productdetails/857067/green-s-classic-banana-bread,https://assets.woolworths.com.au/images/1005/857067.jpg?impolicy=wowsmkqiema&w=260&h=260,$3.00,$0.75 / 100G,,, Add to cart , Save to list 
Maggi 2 Minute Instant Noodles Oriental 5 Pack,https://www.woolworths.com.au/shop/productdetails/343897/maggi-2-minute-instant-noodles-oriental,https://assets.woolworths.com.au/images/1005/343897.jpg?impolicy=wowsmkqiema&w=260&h=260,$5.00,$1.35 / 100G,,, Add to cart , Save to list 
Praise Whole Egg Mayonnaise Mayonnaise 445g,https://www.woolworths.com.au/shop/productdetails/213280/praise-whole-egg-mayonnaise-mayonnaise,https://assets.woolworths.com.au/images/1005/213280.jpg?impolicy=wowsmkqiema&w=260&h=260,$6.00,$1.35 / 100G,,, Add to cart , Save to list 
Bushells Lan Choo Loose Leaf Tea 250g,https://www.woolworths.com.au/shop/productdetails/33811/bushells-lan-choo-loose-leaf-tea,https://assets.woolworths.com.au/images/1005/33811.jpg?impolicy=wowsmkqiema&w=260&h=260,$3.60,$1.44 / 100G,,, Add to cart , Save to list 
Maesri Paste Masaman Curry 114g,https://www.woolworths.com.au/shop/productdetails/59121/maesri-paste-masaman-curry,https://assets.woolworths.com.au/images/1005/59121.jpg?impolicy=wowsmkqiema&w=260&h=260,$1.65,$1.45 / 100G,,, Add to cart , Save to list 
Mr Chen's Thick Egg Noodles 300g,https://www.woolworths.com.au/shop/productdetails/123902/mr-chen-s-thick-egg-noodles,https://assets.woolworths.com.au/images/1005/123902.jpg?impolicy=wowsmkqiema&w=260&h=260,$1.75,$0.58 / 100G,,, Add to cart , Save to list 
Capilano 100% Pure Australian Honey Squeeze 340g,https://www.woolworths.com.au/shop/productdetails/954138/capilano-100-pure-australian-honey-squeeze,https://assets.woolworths.com.au/images/1005/954138.jpg?impolicy=wowsmkqiema&w=260&h=260,$6.60,$1.94 / 100G,,, Add to cart , Save to list 
Moccona Barista Reserve Coffee Capsules Latte 12 10 Pack,https://www.woolworths.com.au/shop/productdetails/687786/moccona-barista-reserve-coffee-capsules-latte-12,https://assets.woolworths.com.au/images/1005/687786.jpg?impolicy=wowsmkqiema&w=260&h=260,$5.00,$0.50 / 1EA,,, Add to cart , Save to list 
Mogu Mogu Drink Lychee 320ml,https://www.woolworths.com.au/shop/productdetails/829182/mogu-mogu-drink-lychee,https://assets.woolworths.com.au/images/1005/829182.jpg?impolicy=wowsmkqiema&w=260&h=260,$1.75,$0.55 / 100ML,,, Add to cart , Save to list 
Nature's Cuppa Organic Ceylon Premium Tea Bags 120 Pack,https://www.woolworths.com.au/shop/productdetails/183861/nature-s-cuppa-organic-ceylon-premium-tea-bags,https://assets.woolworths.com.au/images/1005/183861.jpg?impolicy=wowsmkqiema&w=260&h=260,$10.00,$0.08 / 1EA,,, Add to cart , Save to list 
Macro Australian Raisins 400g,https://www.woolworths.com.au/shop/productdetails/89730/macro-australian-raisins,https://assets.woolworths.com.au/images/1005/89730.jpg?impolicy=wowsmkqiema&w=260&h=260,$5.00,$12.50 / 1KG,4.5,281, Add to cart , Save to list 
Hoyts Onion Dried 40g,https://www.woolworths.com.au/shop/productdetails/94610/hoyts-onion-dried,https://assets.woolworths.com.au/images/1005/94610.jpg?impolicy=wowsmkqiema&w=260&h=260,$2.00,$0.50 / 10G,,, Add to cart , Save to list 
Maggi Fusian Instant Noodles Soy & Mild Spice 5 Pack,https://www.woolworths.com.au/shop/productdetails/700110/maggi-fusian-instant-noodles-soy-mild-spice,https://assets.woolworths.com.au/images/1005/700110.jpg?impolicy=wowsmkqiema&w=260&h=260,$4.00,$1.11 / 100G,,, Add to cart , Save to list 
Vittoria Family Cup Nespresso Compatible Coffee Capsules Pack 10,https://www.woolworths.com.au/shop/productdetails/91420/vittoria-family-cup-nespresso-compatible-coffee-capsules,https://assets.woolworths.com.au/images/1005/91420.jpg?impolicy=wowsmkqiema&w=260&h=260,$5.50,$0.55 / 1EA,,, Add to cart , Save to list 
Golden Circle Blended Fruit Puree Berry & Apple Blackcurrant Lunchbox 120g,https://www.woolworths.com.au/shop/productdetails/492142/golden-circle-blended-fruit-puree-berry-apple-blackcurrant-lunchbox,https://assets.woolworths.com.au/images/1005/492142.jpg?impolicy=wowsmkqiema&w=260&h=260,$1.80,$15.00 / 1KG,,, Add to cart , Save to list 
Crisco Canola Oil 750ml,https://www.woolworths.com.au/shop/productdetails/99091/crisco-canola-oil,https://assets.woolworths.com.au/images/1005/99091.jpg?impolicy=wowsmkqiema&w=260&h=260,$5.50,$0.73 / 100ML,,, Add to cart , Save to list 
Nestle Skim Sweetened Condensed Milk 410g,https://www.woolworths.com.au/shop/productdetails/151067/nestle-skim-sweetened-condensed-milk,https://assets.woolworths.com.au/images/1005/151067.jpg?impolicy=wowsmkqiema&w=260&h=260,$2.20,$0.54 / 100G,,, Add to cart , Save to list 
Vittoria Espressotoria Maragogype Coffee Capsules 12 Pack,https://www.woolworths.com.au/shop/productdetails/32182/vittoria-espressotoria-maragogype-coffee-capsules,https://assets.woolworths.com.au/images/1005/32182.jpg?impolicy=wowsmkqiema&w=260&h=260,$10.00,$0.83 / 1EA,,, Add to cart , Save to list 
Maggi Airfryer Seasoned Coating Crunchy Southern Style 40g,https://www.woolworths.com.au/shop/productdetails/231601/maggi-airfryer-seasoned-coating-crunchy-southern-style,https://assets.woolworths.com.au/images/1005/231601.jpg?impolicy=wowsmkqiema&w=260&h=260,$2.50,$0.63 / 10G,,, Add to cart , Save to list 
Moccona Freeze Dried Instant Coffee Indulgence 200g,https://www.woolworths.com.au/shop/productdetails/17605/moccona-freeze-dried-instant-coffee-indulgence,https://assets.woolworths.com.au/images/1005/17605.jpg?impolicy=wowsmkqiema&w=260&h=260,$17.00,$8.50 / 100G,,, Add to cart , Save to list 
Woolworths Figs 375g,https://www.woolworths.com.au/shop/productdetails/726372/woolworths-figs,https://assets.woolworths.com.au/images/1005/726372.jpg?impolicy=wowsmkqiema&w=260&h=260,$4.40,$11.73 / 1KG,3.9,628, Add to cart , Save to list 
﻿Heinz Seriously Good Lite Mayonnaise Light Mayo 285ml,https://www.woolworths.com.au/shop/productdetails/332186/heinz-seriously-good-lite-mayonnaise-light-mayo,https://assets.woolworths.com.au/images/1005/332186.jpg?impolicy=wowsmkqiema&w=260&h=260,$5.50,$1.93 / 100ML,,, Add to cart , Save to list 
Dorset Berry Granola 450g,https://www.woolworths.com.au/shop/productdetails/85468/dorset-berry-granola,https://assets.woolworths.com.au/images/1005/85468.jpg?impolicy=wowsmkqiema&w=260&h=260,$4.25,$0.94 / 100G,,, Add to cart , Save to list 
Natural Whole Black Peppercorns Grinder Refill 180g,https://www.woolworths.com.au/shop/productdetails/57132/natural-whole-black-peppercorns-grinder-refill,https://assets.woolworths.com.au/images/1005/57132.jpg?impolicy=wowsmkqiema&w=260&h=260,$7.00,$0.39 / 10G,,, Add to cart , Save to list 
Praise Aioli Mayonnaise Deli Style Classic 250ml,https://www.woolworths.com.au/shop/productdetails/766214/praise-aioli-mayonnaise-deli-style-classic,https://assets.woolworths.com.au/images/1005/766214.jpg?impolicy=wowsmkqiema&w=260&h=260,$4.50,$1.80 / 100ML,,, Add to cart , Save to list 
Woolworths Dried Goji Berries 150g,https://www.woolworths.com.au/shop/productdetails/815873/woolworths-dried-goji-berries,https://assets.woolworths.com.au/images/1005/815873.jpg?impolicy=wowsmkqiema&w=260&h=260,$4.70,$31.33 / 1KG,5.0,2, Add to cart , Save to list 
Arnott's Scotch Finger 50% Less Sugar Plain Biscuits 232g,https://www.woolworths.com.au/shop/productdetails/232003/arnott-s-scotch-finger-50-less-sugar-plain-biscuits,https://assets.woolworths.com.au/images/1005/232003.jpg?impolicy=wowsmkqiema&w=260&h=260,$4.70,$2.03 / 100G,,, Add to cart , Save to list 
Woolworths Summer Fruit Muesli 750g,https://www.woolworths.com.au/shop/productdetails/743266/woolworths-summer-fruit-muesli,https://assets.woolworths.com.au/images/1005/743266.jpg?impolicy=wowsmkqiema&w=260&h=260,$3.10,$0.41 / 100G,3.8,738, Add to cart , Save to list 
Mayver's Unsalted Smunchy Peanut Butter 375g,https://www.woolworths.com.au/shop/productdetails/855447/mayver-s-unsalted-smunchy-peanut-butter,https://assets.woolworths.com.au/images/1005/855447.jpg?impolicy=wowsmkqiema&w=260&h=260,$5.80,$1.55 / 100G,,, Add to cart , Save to list 
Hoyts Chives 15g,https://www.woolworths.com.au/shop/productdetails/94631/hoyts-chives,https://assets.woolworths.com.au/images/1005/94631.jpg?impolicy=wowsmkqiema&w=260&h=260,$2.40,$1.60 / 10G,,, Add to cart , Save to list 
Mutti Gourmet Pasta Sauce Pizzutello Tomatoes Calabrian Chilli 400g,https://www.woolworths.com.au/shop/productdetails/216871/mutti-gourmet-pasta-sauce-pizzutello-tomatoes-calabrian-chilli,https://assets.woolworths.com.au/images/1005/216871.jpg?impolicy=wowsmkqiema&w=260&h=260,$5.00,$1.25 / 100G,,, Add to cart , Save to list 
Nature's Cuppa Organic Spice Chai Tea Bags 50 Pack,https://www.woolworths.com.au/shop/productdetails/308641/nature-s-cuppa-organic-spice-chai-tea-bags,https://assets.woolworths.com.au/images/1005/308641.jpg?impolicy=wowsmkqiema&w=260&h=260,$7.70,$0.15 / 1EA,,, Add to cart , Save to list 
Praise Aioli Mayonnaise Deli Style Chipotle 250ml,https://www.woolworths.com.au/shop/productdetails/766230/praise-aioli-mayonnaise-deli-style-chipotle,https://assets.woolworths.com.au/images/1005/766230.jpg?impolicy=wowsmkqiema&w=260&h=260,$4.50,$1.80 / 100ML,,, Add to cart , Save to list 
Aunt Betty's Sticky Date Steamy Puds 2x95g,https://www.woolworths.com.au/shop/productdetails/726124/aunt-betty-s-sticky-date-steamy-puds,https://assets.woolworths.com.au/images/1005/726124.jpg?impolicy=wowsmkqiema&w=260&h=260,$2.45,$1.29 / 100G,,, Add to cart , Save to list 
Cobram Estate Truffle Infused Olive Oil 250ml,https://www.woolworths.com.au/shop/productdetails/199486/cobram-estate-truffle-infused-olive-oil,https://assets.woolworths.com.au/images/1005/199486.jpg?impolicy=wowsmkqiema&w=260&h=260,$9.50,$3.80 / 100ML,,, Add to cart , Save to list 
Arnold's Farm Granola Pink Lady Apple & Cinnamon 700g,https://www.woolworths.com.au/shop/productdetails/184937/arnold-s-farm-granola-pink-lady-apple-cinnamon,https://assets.woolworths.com.au/images/1005/184937.jpg?impolicy=wowsmkqiema&w=260&h=260,$5.50,$0.79 / 100G,4.5,1044, Add to cart , Save to list 
Gravox Supreme Gravy Mix 425g,https://www.woolworths.com.au/shop/productdetails/38695/gravox-supreme-gravy-mix-mix-supreme,https://assets.woolworths.com.au/images/1005/38695.jpg?impolicy=wowsmkqiema&w=260&h=260,$6.30,$0.15 / 10G,5.0,1, Add to cart , Save to list 
Kellogg's Corn Flakes Crumbs 300g,https://www.woolworths.com.au/shop/productdetails/33376/kelloggs-corn-flakes-crumbs,https://assets.woolworths.com.au/images/1005/33376.jpg?impolicy=wowsmkqiema&w=260&h=260,$3.20,$1.07 / 100G,,, Add to cart , Save to list 
Moccona Ristretto 200g,https://www.woolworths.com.au/shop/productdetails/6247/moccona-ristretto,https://assets.woolworths.com.au/images/1005/6247.jpg?impolicy=wowsmkqiema&w=260&h=260,$17.00,$8.50 / 100G,5.0,1, Add to cart , Save to list 
Nescafe Coffee Sachets Decaf Cappuccino 10 Pack,https://www.woolworths.com.au/shop/productdetails/22780/nescafe-coffee-sachets-decaf-cappuccino,https://assets.woolworths.com.au/images/1005/22780.jpg?impolicy=wowsmkqiema&w=260&h=260,$7.60,$0.76 / 1EA,,, Add to cart , Save to list 
Defiance White Baker's Flour 5kg,https://www.woolworths.com.au/shop/productdetails/91304/defiance-white-baker-s-flour,https://assets.woolworths.com.au/images/1005/91304.jpg?impolicy=wowsmkqiema&w=260&h=260,$10.00,$2.00 / 1KG,,, Add to cart , Save to list 
John West Passionfruit Pulp In Syrup 170g,https://www.woolworths.com.au/shop/productdetails/43915/john-west-passionfruit-pulp-in-syrup,https://assets.woolworths.com.au/images/1005/43915.jpg?impolicy=wowsmkqiema&w=260&h=260,$2.50,$14.71 / 1KG,,, Add to cart , Save to list 
Macro Organic Australian Medium Grain White Rice 750g,https://www.woolworths.com.au/shop/productdetails/219994/macro-organic-australian-medium-grain-white-rice,https://assets.woolworths.com.au/images/1005/219994.jpg?impolicy=wowsmkqiema&w=260&h=260,$3.50,$0.47 / 100G,,, Add to cart , Save to list 
Mingle Butter Chicken Spice Blend 30g,https://www.woolworths.com.au/shop/productdetails/68742/mingle-butter-chicken-spice-blend,https://assets.woolworths.com.au/images/1005/68742.jpg?impolicy=wowsmkqiema&w=260&h=260,$2.60,$0.87 / 10G,,, Add to cart , Save to list 
Niulife Organic Extra Thick Coconut Amino Teriyaki Sauce 250ml,https://www.woolworths.com.au/shop/productdetails/223760/niulife-organic-extra-thick-coconut-amino-teriyaki-sauce,https://assets.woolworths.com.au/images/1005/223760.jpg?impolicy=wowsmkqiema&w=260&h=260,$8.50,$3.40 / 100ML,,, Add to cart , Save to list 
Woolworths Kaffir Lime Leaf Fresh Herb 10g Punnet,https://www.woolworths.com.au/shop/productdetails/707373/woolworths-kaffir-lime-leaf-fresh-herb,https://assets.woolworths.com.au/images/1005/707373.jpg?impolicy=wowsmkqiema&w=260&h=260,,,4.4,594,, Save to list 
Dollar Sweets Polka Dot Patty Pans Assorted 100 Pack,https://www.woolworths.com.au/shop/productdetails/147626/dollar-sweets-polka-dot-patty-pans-assorted,https://assets.woolworths.com.au/images/1005/147626.jpg?impolicy=wowsmkqiema&w=260&h=260,$2.50,$0.03 / 1EA,,, Add to cart , Save to list 
F. Whitlock & Sons Sriracha Style Marinade 400ml,https://www.woolworths.com.au/shop/productdetails/170005/f-whitlock-sons-sriracha-style-marinade,https://assets.woolworths.com.au/images/1005/170005.jpg?impolicy=wowsmkqiema&w=260&h=260,$5.50,$1.38 / 100ML,,, Add to cart , Save to list 
Gravox Lamb & Rosemary Liquid Gravy Pouch 165g,https://www.woolworths.com.au/shop/productdetails/222993/gravox-lamb-rosemary-liquid-gravy-pouch,https://assets.woolworths.com.au/images/1005/222993.jpg?impolicy=wowsmkqiema&w=260&h=260,$3.50,$2.12 / 100G,,, Add to cart , Save to list 
Kellogg's Special K Original Breakfast Cereal 500g,https://www.woolworths.com.au/shop/productdetails/198647/kelloggs-special-k-original-breakfast-cereal,https://assets.woolworths.com.au/images/1005/198647.jpg?impolicy=wowsmkqiema&w=260&h=260,$9.00,$1.80 / 100G,,, Add to cart , Save to list 
Passage To Asia Singapore Noodles 200g,https://www.woolworths.com.au/shop/productdetails/743586/passage-to-asia-singapore-noodles,https://assets.woolworths.com.au/images/1005/743586.jpg?impolicy=wowsmkqiema&w=260&h=260,$2.40,$1.20 / 100G,,, Add to cart , Save to list 
Arnott's Teeny Tiny Teddy Choc Cereal 580g,https://www.woolworths.com.au/shop/productdetails/271858/arnott-s-teeny-tiny-teddy-choc-cereal,https://assets.woolworths.com.au/images/1005/271858.jpg?impolicy=wowsmkqiema&w=260&h=260,$8.90,$1.53 / 100G,,, Add to cart , Save to list 
Vittoria Oro Nespresso Compatible Coffee Capsules 40 Pack,https://www.woolworths.com.au/shop/productdetails/121322/vittoria-oro-nespresso-compatible-coffee-capsules,https://assets.woolworths.com.au/images/1005/121322.jpg?impolicy=wowsmkqiema&w=260&h=260,$21.00,$0.53 / 1EA,,, Add to cart , Save to list 
Chi Forest Sparkling Water Grape Delight 6 Pack,https://www.woolworths.com.au/shop/productdetails/199103/chi-forest-sparkling-water-grape-delight,https://assets.woolworths.com.au/images/1005/199103.jpg?impolicy=wowsmkqiema&w=260&h=260,$6.60,$0.33 / 100ML,,, Add to cart , Save to list 
Lavazza Espresso Intenso Nespresso Compatible Coffee Capsules 10 Pack,https://www.woolworths.com.au/shop/productdetails/221028/lavazza-espresso-intenso-nespresso-compatible-coffee-capsules,https://assets.woolworths.com.au/images/1005/221028.jpg?impolicy=wowsmkqiema&w=260&h=260,$6.90,$0.69 / 1EA,,, Add to cart , Save to list 
Mingle All Natural Seasoning Mexican Fiesta Taco 50g,https://www.woolworths.com.au/shop/productdetails/259501/mingle-all-natural-seasoning-mexican-fiesta-taco,https://assets.woolworths.com.au/images/1005/259501.jpg?impolicy=wowsmkqiema&w=260&h=260,$3.95,$0.79 / 10G,,, Add to cart , Save to list 
Nescafe Coffee Sachets Strong Cappuccino 26 Pack,https://www.woolworths.com.au/shop/productdetails/549624/nescafe-coffee-sachets-strong-cappuccino,https://assets.woolworths.com.au/images/1005/549624.jpg?impolicy=wowsmkqiema&w=260&h=260,$11.00,$0.42 / 1EA,,, Add to cart , Save to list 
St Dalfour Four Fruits 284g 284g,https://www.woolworths.com.au/shop/productdetails/59306/st-dalfour-four-fruits-284g,https://assets.woolworths.com.au/images/1005/59306.jpg?impolicy=wowsmkqiema&w=260&h=260,$5.70,$2.01 / 100G,,, Add to cart , Save to list 
Annalisa Organically Farmed Black Beans 400g,https://www.woolworths.com.au/shop/productdetails/58992/annalisa-organically-farmed-black-beans,https://assets.woolworths.com.au/images/1005/58992.jpg?impolicy=wowsmkqiema&w=260&h=260,$1.80,$0.45 / 100G,,, Add to cart , Save to list 
Always Fresh Pitted Kalamata Olives 670g,https://www.woolworths.com.au/shop/productdetails/252358/always-fresh-pitted-kalamata-olives,https://assets.woolworths.com.au/images/1005/252358.jpg?impolicy=wowsmkqiema&w=260&h=260,$9.40,$14.03 / 1KG,,, Add to cart , Save to list 
Hoyts Basil 15g,https://www.woolworths.com.au/shop/productdetails/94627/hoyts-basil,https://assets.woolworths.com.au/images/1005/94627.jpg?impolicy=wowsmkqiema&w=260&h=260,$2.15,$1.43 / 10G,,, Add to cart , Save to list 
Illy Classico Espresso Capsules 10 Pack,https://www.woolworths.com.au/shop/productdetails/55934/illy-classico-espresso-capsules,https://assets.woolworths.com.au/images/1005/55934.jpg?impolicy=wowsmkqiema&w=260&h=260,$6.00,$0.60 / 1EA,,, Add to cart , Save to list 
Woolworths Chicken Mayonnaise 85g,https://www.woolworths.com.au/shop/productdetails/346131/woolworths-chicken-mayonnaise,https://assets.woolworths.com.au/images/1005/346131.jpg?impolicy=wowsmkqiema&w=260&h=260,$1.40,$16.47 / 1KG,,, Add to cart , Save to list 
L'or Espresso Decaf Ristretto Intensity 9 Coffee Capsules 10 Pack,https://www.woolworths.com.au/shop/productdetails/687774/l-or-espresso-decaf-ristretto-intensity-9-coffee-capsules,https://assets.woolworths.com.au/images/1005/687774.jpg?impolicy=wowsmkqiema&w=260&h=260,$5.50,$0.55 / 1EA,,, Add to cart , Save to list 
Pasta Roma Gluten Free Rigatoni 350g,https://www.woolworths.com.au/shop/productdetails/200194/pasta-roma-pasta-roma-gluten-free-rigatoni,https://assets.woolworths.com.au/images/1005/200194.jpg?impolicy=wowsmkqiema&w=260&h=260,$3.50,$1.00 / 100G,,, Add to cart , Save to list 
Prochef Canola Spray 400g,https://www.woolworths.com.au/shop/productdetails/9004/prochef-canola-spray,https://assets.woolworths.com.au/images/1005/9004.jpg?impolicy=wowsmkqiema&w=260&h=260,$4.50,$1.13 / 100G,,, Add to cart , Save to list 
Carman's Muesli Original 875g,https://www.woolworths.com.au/shop/productdetails/688530/carman-s-muesli-original,https://assets.woolworths.com.au/images/1005/688530.jpg?impolicy=wowsmkqiema&w=260&h=260,$9.00,$1.03 / 100G,5.0,1, Add to cart , Save to list 
Uncle Tobys Cheerios Vanilla O's Low Sugar Breakfast Cereal 510g,https://www.woolworths.com.au/shop/productdetails/203808/uncle-tobys-cheerios-vanilla-o-s-low-sugar-breakfast-cereal,https://assets.woolworths.com.au/images/1005/203808.jpg?impolicy=wowsmkqiema&w=260&h=260,$7.50,$1.47 / 100G,,, Add to cart , Save to list 
Woolworths Chicken Sweet Chilli 85g,https://www.woolworths.com.au/shop/productdetails/346132/woolworths-chicken-sweet-chilli,https://assets.woolworths.com.au/images/1005/346132.jpg?impolicy=wowsmkqiema&w=260&h=260,$1.40,$16.47 / 1KG,3.0,599, Add to cart , Save to list 
Mckenzie's Acid Citric 75g,https://www.woolworths.com.au/shop/productdetails/344/mckenzie-s-acid-citric,https://assets.woolworths.com.au/images/1005/344.jpg?impolicy=wowsmkqiema&w=260&h=260,$3.00,$4.00 / 100G,,, Add to cart , Save to list 
Mckenzie's Dried Chickpeas 375g,https://www.woolworths.com.au/shop/productdetails/22885/mckenzie-s-dried-chickpeas,https://assets.woolworths.com.au/images/1005/22885.jpg?impolicy=wowsmkqiema&w=260&h=260,$1.90,$0.51 / 100G,,, Add to cart , Save to list 
Beechworth 100% Pure Australian Honey Jar 500g,https://www.woolworths.com.au/shop/productdetails/147757/beechworth-100-pure-australian-honey-jar,https://assets.woolworths.com.au/images/1005/147757.jpg?impolicy=wowsmkqiema&w=260&h=260,$8.50,$1.70 / 100G,,, Add to cart , Save to list 
Nice & Natural Thick Shake Bars Chocolate Flavoured 6 Pack,https://www.woolworths.com.au/shop/productdetails/238058/nice-natural-thick-shake-bars-chocolate-flavoured,https://assets.woolworths.com.au/images/1005/238058.jpg?impolicy=wowsmkqiema&w=260&h=260,$5.00,$4.17 / 100G,,, Add to cart , Save to list 
Vittoria Italian Ground 500g,https://www.woolworths.com.au/shop/productdetails/692561/vittoria-italian-ground,https://assets.woolworths.com.au/images/1005/692561.jpg?impolicy=wowsmkqiema&w=260&h=260,,,,,, Save to list 
Orion Turtle Chips Truffle 160g,https://www.woolworths.com.au/shop/productdetails/258248/orion-turtle-chips-truffle,https://assets.woolworths.com.au/images/1005/258248.jpg?impolicy=wowsmkqiema&w=260&h=260,$3.00,$1.88 / 100G,,, Add to cart , Save to list 
Dole Tropical Fruit Chunks In Light Syrup 432g,https://www.woolworths.com.au/shop/productdetails/263999/dole-tropical-fruit-chunks-in-light-syrup,https://assets.woolworths.com.au/images/1005/263999.jpg?impolicy=wowsmkqiema&w=260&h=260,$2.80,$6.48 / 1KG,,, Add to cart , Save to list 
Macro Organic Soft Icing Sugar 1kg,https://www.woolworths.com.au/shop/productdetails/125238/macro-organic-soft-icing-sugar,https://assets.woolworths.com.au/images/1005/125238.jpg?impolicy=wowsmkqiema&w=260&h=260,$3.00,$0.30 / 100G,4.5,672, Add to cart , Save to list 
Rosella Aristocrat Onions Cocktail White 150g,https://www.woolworths.com.au/shop/productdetails/43114/rosella-aristocrat-onions-cocktail-white,https://assets.woolworths.com.au/images/1005/43114.jpg?impolicy=wowsmkqiema&w=260&h=260,$2.50,$16.67 / 1KG,,, Add to cart , Save to list 
Woolworths Wild Alaskan Salmon & Spaghetti Basil Pesto Sauce 170g,https://www.woolworths.com.au/shop/productdetails/129038/woolworths-wild-alaskan-salmon-spaghetti-basil-pesto-sauce,https://assets.woolworths.com.au/images/1005/129038.jpg?impolicy=wowsmkqiema&w=260&h=260,$3.50,$20.59 / 1KG,3.0,396, Add to cart , Save to list 
Hoyts Italian Herb Mix 35g,https://www.woolworths.com.au/shop/productdetails/210354/hoyts-italian-herb-mix,https://assets.woolworths.com.au/images/1005/210354.jpg?impolicy=wowsmkqiema&w=260&h=260,$3.20,$0.91 / 10G,,, Add to cart , Save to list 
Plenty Heart Smart Safflower Cooking Oil 750ml,https://www.woolworths.com.au/shop/productdetails/137756/plenty-heart-smart-safflower-cooking-oil,https://assets.woolworths.com.au/images/1005/137756.jpg?impolicy=wowsmkqiema&w=260&h=260,$8.50,$1.13 / 100ML,,, Add to cart , Save to list 
Skippy Creamy No Added Sugar Peanut Butter 454g,https://www.woolworths.com.au/shop/productdetails/237503/skippy-creamy-no-added-sugar-peanut-butter,https://assets.woolworths.com.au/images/1005/237503.jpg?impolicy=wowsmkqiema&w=260&h=260,$2.75,$0.61 / 100G,,, Add to cart , Save to list 
Woolworths Morello Cherries 680g,https://www.woolworths.com.au/shop/productdetails/58659/woolworths-morello-cherries,https://assets.woolworths.com.au/images/1005/58659.jpg?impolicy=wowsmkqiema&w=260&h=260,$3.15,$4.63 / 1KG,,, Add to cart , Save to list 
Essentials Olive Oil Spray 400g,https://www.woolworths.com.au/shop/productdetails/221580/essentials-olive-oil-spray,https://assets.woolworths.com.au/images/1005/221580.jpg?impolicy=wowsmkqiema&w=260&h=260,$6.50,$1.63 / 100G,,, Add to cart , Save to list 
Gravox Pepper Sauce Mix Tin 140g,https://www.woolworths.com.au/shop/productdetails/49587/gravox-pepper-sauce-mix-tin-mix-pepper-sauce,https://assets.woolworths.com.au/images/1005/49587.jpg?impolicy=wowsmkqiema&w=260&h=260,$5.00,$0.36 / 10G,,, Add to cart , Save to list 
Woolworths Diced Pineapple In Juice 695g,https://www.woolworths.com.au/shop/productdetails/672757/woolworths-diced-pineapple-in-juice,https://assets.woolworths.com.au/images/1005/672757.jpg?impolicy=wowsmkqiema&w=260&h=260,$3.70,$5.32 / 1KG,3.3,794, Add to cart , Save to list 
Golden Circle Australian Canned Fruit Tinned Pineapple Slices In Juice 225g,https://www.woolworths.com.au/shop/productdetails/77570/golden-circle-australian-canned-fruit-tinned-pineapple-slices-in-juice,https://assets.woolworths.com.au/images/1005/77570.jpg?impolicy=wowsmkqiema&w=260&h=260,$2.90,$12.89 / 1KG,,, Add to cart , Save to list 
Mckenzie's Lentil Soup Mix 375g,https://www.woolworths.com.au/shop/productdetails/852265/mckenzie-s-lentil-soup-mix,https://assets.woolworths.com.au/images/1005/852265.jpg?impolicy=wowsmkqiema&w=260&h=260,$2.60,$0.69 / 100G,,, Add to cart , Save to list 
Masterfoods Parsley Flakes 4g,https://www.woolworths.com.au/shop/productdetails/59265/masterfoods-parsley-flakes,https://assets.woolworths.com.au/images/1005/59265.jpg?impolicy=wowsmkqiema&w=260&h=260,,,,,, Save to list 
Pandaroo Japanese Instant Miso Soup Fried Tofu 12g,https://www.woolworths.com.au/shop/productdetails/702364/pandaroo-japanese-instant-miso-soup-fried-tofu,https://assets.woolworths.com.au/images/1005/702364.jpg?impolicy=wowsmkqiema&w=260&h=260,$2.25,$18.75 / 100G,,, Add to cart , Save to list 
Maggi Mince Cottage Pie Recipe Base 37g,https://www.woolworths.com.au/shop/productdetails/446479/maggi-mince-cottage-pie-recipe-base,https://assets.woolworths.com.au/images/1005/446479.jpg?impolicy=wowsmkqiema&w=260&h=260,$1.75,$4.73 / 100G,,, Add to cart , Save to list 
Ayam Fish Sauce 210ml,https://www.woolworths.com.au/shop/productdetails/35848/ayam-fish-sauce,https://assets.woolworths.com.au/images/1005/35848.jpg?impolicy=wowsmkqiema&w=260&h=260,$4.00,$1.90 / 100ML,,, Add to cart , Save to list 
Macro Natural Seed Mix With Pine Nuts 250g,https://www.woolworths.com.au/shop/productdetails/89757/macro-natural-seed-mix-with-pine-nuts,https://assets.woolworths.com.au/images/1005/89757.jpg?impolicy=wowsmkqiema&w=260&h=260,$5.50,$22.00 / 1KG,4.4,489, Add to cart , Save to list 
S&b Miso Soup Tofu 30g,https://www.woolworths.com.au/shop/productdetails/856773/s-b-miso-soup-tofu,https://assets.woolworths.com.au/images/1005/856773.jpg?impolicy=wowsmkqiema&w=260&h=260,$4.20,$14.00 / 100G,,, Add to cart , Save to list 
Aeroplane Jelly Lite Lime Flavour Low Calorie Jelly Crystals 2x9g,https://www.woolworths.com.au/shop/productdetails/5669/aeroplane-jelly-lite-lime-flavour-low-calorie-jelly-crystals,https://assets.woolworths.com.au/images/1005/5669.jpg?impolicy=wowsmkqiema&w=260&h=260,$2.20,$12.22 / 100G,,, Add to cart , Save to list 
Golden Circle Australian Canned Fruit Tinned Pineapple Slices In Syrup 450g,https://www.woolworths.com.au/shop/productdetails/33429/golden-circle-australian-canned-fruit-tinned-pineapple-slices-in-syrup,https://assets.woolworths.com.au/images/1005/33429.jpg?impolicy=wowsmkqiema&w=260&h=260,$4.40,$9.78 / 1KG,,, Add to cart , Save to list 
Gourmet Garden Paste Basil 80g,https://www.woolworths.com.au/shop/productdetails/948505/gourmet-garden-paste-basil,https://assets.woolworths.com.au/images/1005/948505.jpg?impolicy=wowsmkqiema&w=260&h=260,$4.00,$5.00 / 100G,,, Add to cart , Save to list 
Always Fresh Baby Cucumbers 680g,https://www.woolworths.com.au/shop/productdetails/10921/always-fresh-baby-cucumbers,https://assets.woolworths.com.au/images/1005/10921.jpg?impolicy=wowsmkqiema&w=260&h=260,$6.70,$9.85 / 1KG,,, Add to cart , Save to list 
Arnott's Teeny Tiny Teddy Honey Cereal 580g,https://www.woolworths.com.au/shop/productdetails/271779/arnott-s-teeny-tiny-teddy-honey-cereal,https://assets.woolworths.com.au/images/1005/271779.jpg?impolicy=wowsmkqiema&w=260&h=260,$8.90,$1.53 / 100G,,, Add to cart , Save to list 
Woolworths Peach Halves In Syrup 825g,https://www.woolworths.com.au/shop/productdetails/75933/woolworths-peach-halves-in-syrup,https://assets.woolworths.com.au/images/1005/75933.jpg?impolicy=wowsmkqiema&w=260&h=260,$3.00,$3.64 / 1KG,,, Add to cart , Save to list 
Aunt Betty's Vanilla Flavoured Creamy Rice 4 Pack,https://www.woolworths.com.au/shop/productdetails/232587/aunt-betty-s-vanilla-flavoured-creamy-rice,https://assets.woolworths.com.au/images/1005/232587.jpg?impolicy=wowsmkqiema&w=260&h=260,$4.50,$1.13 / 100G,,, Add to cart , Save to list 
Dollar Sweets Decoration Rainbow Poppng Topping 150g,https://www.woolworths.com.au/shop/productdetails/773744/dollar-sweets-decoration-rainbow-poppng-topping,https://assets.woolworths.com.au/images/1005/773744.jpg?impolicy=wowsmkqiema&w=260&h=260,$3.00,$2.00 / 100G,,, Add to cart , Save to list 
Jordans Crispy Oat Clusters Maple & Pecan 500g,https://www.woolworths.com.au/shop/productdetails/609563/jordans-crispy-oat-clusters-maple-pecan,https://assets.woolworths.com.au/images/1005/609563.jpg?impolicy=wowsmkqiema&w=260&h=260,$4.25,$0.85 / 100G,,, Add to cart , Save to list 
Lee Kum Kee Sauce Stir Fry Hoisin 260g,https://www.woolworths.com.au/shop/productdetails/762239/lee-kum-kee-sauce-stir-fry-hoisin,https://assets.woolworths.com.au/images/1005/762239.jpg?impolicy=wowsmkqiema&w=260&h=260,$2.60,$1.00 / 100G,,, Add to cart , Save to list 
Woolworths Apricot Almond And Date Muesli 750g,https://www.woolworths.com.au/shop/productdetails/743270/woolworths-apricot-almond-and-date-muesli,https://assets.woolworths.com.au/images/1005/743270.jpg?impolicy=wowsmkqiema&w=260&h=260,$3.10,$0.41 / 100G,3.8,691, Add to cart , Save to list 
Hoyt's Pine Nuts 25g,https://www.woolworths.com.au/shop/productdetails/643500/hoyt-s-pine-nuts,https://assets.woolworths.com.au/images/1005/643500.jpg?impolicy=wowsmkqiema&w=260&h=260,$3.80,$1.52 / 10G,,, Add to cart , Save to list 
Arkadia Chai Tea Low Sugar 240g,https://www.woolworths.com.au/shop/productdetails/94606/arkadia-chai-tea-low-sugar,https://assets.woolworths.com.au/images/1005/94606.jpg?impolicy=wowsmkqiema&w=260&h=260,$6.00,$2.50 / 100G,,, Add to cart , Save to list 
Woolworths Mango Flavoured Jelly In Pouch 95g,https://www.woolworths.com.au/shop/productdetails/669984/woolworths-mango-flavoured-jelly-in-pouch,https://assets.woolworths.com.au/images/1005/669984.jpg?impolicy=wowsmkqiema&w=260&h=260,$0.95,$10.00 / 1KG,2.7,509, Add to cart , Save to list 
Gravox Supreme Chicken Gravy Mix 29g,https://www.woolworths.com.au/shop/productdetails/54768/gravox-supreme-chicken-gravy-mix-instant-supreme-chicken,https://assets.woolworths.com.au/images/1005/54768.jpg?impolicy=wowsmkqiema&w=260&h=260,$1.50,$0.52 / 10G,,, Add to cart , Save to list 
Hoyts Chilli Dry 25g,https://www.woolworths.com.au/shop/productdetails/97190/hoyts-chilli-dry,https://assets.woolworths.com.au/images/1005/97190.jpg?impolicy=wowsmkqiema&w=260&h=260,$2.20,$0.88 / 10G,,, Add to cart , Save to list 
Miso Tasty Rich & Tangy Yuzu Sauce 100g,https://www.woolworths.com.au/shop/productdetails/122273/miso-tasty-rich-tangy-yuzu-sauce,https://assets.woolworths.com.au/images/1005/122273.jpg?impolicy=wowsmkqiema&w=260&h=260,$3.00,$3.00 / 100G,,, Add to cart , Save to list 
Woolworths Mexican Style Chicken Burrito With Rice 350g,https://www.woolworths.com.au/shop/productdetails/190101/woolworths-mexican-style-chicken-burrito-with-rice,https://assets.woolworths.com.au/images/1005/190101.jpg?impolicy=wowsmkqiema&w=260&h=260,$3.20,$0.91 / 100G,2.9,64, Add to cart , Save to list 
Ouma South African Breakfast Rusk 450g,https://www.woolworths.com.au/shop/productdetails/724798/ouma-south-african-breakfast-rusk,https://assets.woolworths.com.au/images/1005/724798.jpg?impolicy=wowsmkqiema&w=260&h=260,$8.00,$1.78 / 100G,,, Add to cart , Save to list 
Mccormick Slow Cooker Mild Chicken Curry Recipe Base 40g,https://www.woolworths.com.au/shop/productdetails/591717/mccormick-slow-cooker-mild-chicken-curry-recipe-base,https://assets.woolworths.com.au/images/1005/591717.jpg?impolicy=wowsmkqiema&w=260&h=260,$1.60,$4.00 / 100G,,, Add to cart , Save to list 
Nescafe Coffee Sachets 98% Sugar Free Caramel Latte 10 Pack,https://www.woolworths.com.au/shop/productdetails/115795/nescafe-coffee-sachets-98-sugar-free-caramel-latte,https://assets.woolworths.com.au/images/1005/115795.jpg?impolicy=wowsmkqiema&w=260&h=260,$7.60,$0.76 / 1EA,5.0,1, Add to cart , Save to list 
Hellmann's Real Mayonnaise Jar 800g,https://www.woolworths.com.au/shop/productdetails/634893/hellmann-s-real-mayonnaise-jar,https://assets.woolworths.com.au/images/1005/634893.jpg?impolicy=wowsmkqiema&w=260&h=260,$12.50,$1.56 / 100G,,, Add to cart , Save to list 
Old El Paso Mexe Beans 425g,https://www.woolworths.com.au/shop/productdetails/14040/old-el-paso-mexe-beans,https://assets.woolworths.com.au/images/1005/14040.jpg?impolicy=wowsmkqiema&w=260&h=260,$3.20,$0.75 / 100G,,, Add to cart , Save to list 
Australian Organic Food Co Apple & Pear Fruit Puree No Added Sugar 120g,https://www.woolworths.com.au/shop/productdetails/164461/australian-organic-food-co-apple-pear-fruit-puree-no-added-sugar,https://assets.woolworths.com.au/images/1005/164461.jpg?impolicy=wowsmkqiema&w=260&h=260,$2.50,$20.83 / 1KG,,, Add to cart , Save to list 
Bega Peanut Butter Crunchy 200g,https://www.woolworths.com.au/shop/productdetails/46731/bega-peanut-butter-crunchy,https://assets.woolworths.com.au/images/1005/46731.jpg?impolicy=wowsmkqiema&w=260&h=260,$3.50,$1.75 / 100G,,, Add to cart , Save to list 
Aeroplane Original Lemon Flavoured Jelly 85g,https://www.woolworths.com.au/shop/productdetails/310378/aeroplane-original-lemon-flavoured-jelly,https://assets.woolworths.com.au/images/1005/310378.jpg?impolicy=wowsmkqiema&w=260&h=260,$1.10,$1.29 / 100G,,, Add to cart , Save to list 
Avofresh Soft Avocado Lime & Black Pepper 160g Tube,https://www.woolworths.com.au/shop/productdetails/405658/avofresh-soft-avocado-lime-black-pepper,https://assets.woolworths.com.au/images/1005/405658.jpg?impolicy=wowsmkqiema&w=260&h=260,$5.50,$3.44 / 100G,,, Add to cart , Save to list 
Dole Pineapple Pieces In Juice 432g,https://www.woolworths.com.au/shop/productdetails/219790/dole-pineapple-pieces-in-juice,https://assets.woolworths.com.au/images/1005/219790.jpg?impolicy=wowsmkqiema&w=260&h=260,$3.00,$6.94 / 1KG,,, Add to cart , Save to list 
Sandhurst Artichoke Hearts In Brine 280g,https://www.woolworths.com.au/shop/productdetails/252378/sandhurst-artichoke-hearts-in-brine,https://assets.woolworths.com.au/images/1005/252378.jpg?impolicy=wowsmkqiema&w=260&h=260,$4.00,$14.29 / 1KG,,, Add to cart , Save to list 
Green's Pancake Mix Original Shake 200g,https://www.woolworths.com.au/shop/productdetails/57420/green-s-pancake-mix-original-shake,https://assets.woolworths.com.au/images/1005/57420.jpg?impolicy=wowsmkqiema&w=260&h=260,$2.20,$1.10 / 100G,,, Add to cart , Save to list 
Always Fresh Cucumbers Sweet & Sour 680g,https://www.woolworths.com.au/shop/productdetails/47513/always-fresh-cucumbers-sweet-sour,https://assets.woolworths.com.au/images/1005/47513.jpg?impolicy=wowsmkqiema&w=260&h=260,$4.60,$6.76 / 1KG,,, Add to cart , Save to list 
Deliciou Plant Based Chicken 140g,https://www.woolworths.com.au/shop/productdetails/143960/deliciou-plant-based-chicken,https://assets.woolworths.com.au/images/1005/143960.jpg?impolicy=wowsmkqiema&w=260&h=260,$1.80,$1.29 / 100G,,, Add to cart , Save to list 
Kellogg's Coco Pops Gluten Free Breakfast Cereal 390g,https://www.woolworths.com.au/shop/productdetails/164024/kelloggs-coco-pops-gluten-free-breakfast-cereal,https://assets.woolworths.com.au/images/1005/164024.jpg?impolicy=wowsmkqiema&w=260&h=260,$5.60,$1.44 / 100G,,, Add to cart , Save to list 
Mayver's Super Spread Cacao 280g,https://www.woolworths.com.au/shop/productdetails/435770/mayver-s-super-spread-cacao,https://assets.woolworths.com.au/images/1005/435770.jpg?impolicy=wowsmkqiema&w=260&h=260,$7.50,$2.68 / 100G,5.0,1, Add to cart , Save to list 
Nescafe Gold Orginal Soluble Instant Coffee 200g,https://www.woolworths.com.au/shop/productdetails/687062/nescafe-gold-orginal-soluble-instant-coffee,https://assets.woolworths.com.au/images/1005/687062.jpg?impolicy=wowsmkqiema&w=260&h=260,$15.00,$7.50 / 100G,,, Add to cart , Save to list 
Green's Pudding Chocolate Sponge 260g,https://www.woolworths.com.au/shop/productdetails/55856/green-s-pudding-chocolate-sponge,https://assets.woolworths.com.au/images/1005/55856.jpg?impolicy=wowsmkqiema&w=260&h=260,$3.00,$1.15 / 100G,,, Add to cart , Save to list 
Beerenberg Relish Tomato & Cracked Pepper 265g,https://www.woolworths.com.au/shop/productdetails/828794/beerenberg-relish-tomato-cracked-pepper,https://assets.woolworths.com.au/images/1005/828794.jpg?impolicy=wowsmkqiema&w=260&h=260,$5.50,$2.08 / 100G,,, Add to cart , Save to list 
Hoyts Mustard Powder 50g,https://www.woolworths.com.au/shop/productdetails/20363/hoyts-mustard-powder,https://assets.woolworths.com.au/images/1005/20363.jpg?impolicy=wowsmkqiema&w=260&h=260,$2.20,$0.44 / 10G,,, Add to cart , Save to list 
Jordans Crispy Oat Clusters Wild About Berries 500g,https://www.woolworths.com.au/shop/productdetails/147354/jordans-crispy-oat-clusters-wild-about-berries,https://assets.woolworths.com.au/images/1005/147354.jpg?impolicy=wowsmkqiema&w=260&h=260,$4.25,$0.85 / 100G,,, Add to cart , Save to list 
Kellogg's Coco Pops Chocolatey Breakfast Cereal Value Pack 950g,https://www.woolworths.com.au/shop/productdetails/244016/kelloggs-coco-pops-chocolatey-breakfast-cereal-value-pack,https://assets.woolworths.com.au/images/1005/244016.jpg?impolicy=wowsmkqiema&w=260&h=260,$11.00,$1.16 / 100G,,, Add to cart , Save to list 
Masterfoods Nutmeg Ground 30g,https://www.woolworths.com.au/shop/productdetails/32506/masterfoods-nutmeg-ground,https://assets.woolworths.com.au/images/1005/32506.jpg?impolicy=wowsmkqiema&w=260&h=260,$3.70,$1.23 / 10G,,, Add to cart , Save to list 
White Wings Cake In A Cup Cinnamon Donut 220g,https://www.woolworths.com.au/shop/productdetails/805852/white-wings-cake-in-a-cup-cinnamon-donut,https://assets.woolworths.com.au/images/1005/805852.jpg?impolicy=wowsmkqiema&w=260&h=260,$5.00,$2.27 / 100G,,, Add to cart , Save to list 
Carman's Super Berry Muesli 875g,https://www.woolworths.com.au/shop/productdetails/85132/carman-s-super-berry-muesli,https://assets.woolworths.com.au/images/1005/85132.jpg?impolicy=wowsmkqiema&w=260&h=260,$9.00,$1.03 / 100G,,, Add to cart , Save to list 
Hoyts Paprika Hot 50g,https://www.woolworths.com.au/shop/productdetails/94614/hoyts-paprika-hot,https://assets.woolworths.com.au/images/1005/94614.jpg?impolicy=wowsmkqiema&w=260&h=260,$1.75,$0.35 / 10G,,, Add to cart , Save to list 
Capilano 100% Pure Australian Honey Active Manuka Mgo30+ Squeeze 340g,https://www.woolworths.com.au/shop/productdetails/579712/capilano-100-pure-australian-honey-active-manuka-mgo30-squeeze,https://assets.woolworths.com.au/images/1005/579712.jpg?impolicy=wowsmkqiema&w=260&h=260,$9.10,$2.68 / 100G,,, Add to cart , Save to list 
Nutino Hazelnut Spread Spread 400g,https://www.woolworths.com.au/shop/productdetails/249628/nutino-hazelnut-spread-spread,https://assets.woolworths.com.au/images/1005/249628.jpg?impolicy=wowsmkqiema&w=260&h=260,$5.20,$1.30 / 100G,,, Add to cart , Save to list 
Woolworths Almond Meal 150g,https://www.woolworths.com.au/shop/productdetails/726281/woolworths-almond-meal,https://assets.woolworths.com.au/images/1005/726281.jpg?impolicy=wowsmkqiema&w=260&h=260,$3.85,$25.67 / 1KG,4.6,434, Add to cart , Save to list 
Lavazza Crema E Gusto Nespresso Compatible Coffee Capsules 10 Pack,https://www.woolworths.com.au/shop/productdetails/221858/lavazza-crema-e-gusto-nespresso-compatible-coffee-capsules,https://assets.woolworths.com.au/images/1005/221858.jpg?impolicy=wowsmkqiema&w=260&h=260,$6.90,$0.69 / 1EA,,, Add to cart , Save to list 
Galiko All Natural Garlic Minced Jar 145g,https://www.woolworths.com.au/shop/productdetails/185243/galiko-all-natural-garlic-minced-jar,https://assets.woolworths.com.au/images/1005/185243.jpg?impolicy=wowsmkqiema&w=260&h=260,$3.00,$2.07 / 100G,,, Add to cart , Save to list 
Heinz Big Eat Ravioli Bolognese Canned Meal 410g,https://www.woolworths.com.au/shop/productdetails/347680/heinz-big-eat-ravioli-bolognese-canned-meal,https://assets.woolworths.com.au/images/1005/347680.jpg?impolicy=wowsmkqiema&w=260&h=260,$3.10,$7.56 / 1KG,,, Add to cart , Save to list 
Kook A Krumb Breadcrumbs Herb And Garlic 200g,https://www.woolworths.com.au/shop/productdetails/181407/kook-a-krumb-breadcrumbs-herb-and-garlic,https://assets.woolworths.com.au/images/1005/181407.jpg?impolicy=wowsmkqiema&w=260&h=260,$3.30,$1.65 / 100G,,, Add to cart , Save to list 
Mccormick Slow Cooker Country Chicken Casserole Recipe Base 40g,https://www.woolworths.com.au/shop/productdetails/591701/mccormick-slow-cooker-country-chicken-casserole-recipe-base,https://assets.woolworths.com.au/images/1005/591701.jpg?impolicy=wowsmkqiema&w=260&h=260,$1.60,$4.00 / 100G,,, Add to cart , Save to list 
Nutino Hazelnut Spread Spread 750g,https://www.woolworths.com.au/shop/productdetails/249627/nutino-hazelnut-spread-spread,https://assets.woolworths.com.au/images/1005/249627.jpg?impolicy=wowsmkqiema&w=260&h=260,$8.90,$1.19 / 100G,,, Add to cart , Save to list 
Mutti Gourmet Pasta Sauce Cherry Tomatoes With Leccino Olives 400g,https://www.woolworths.com.au/shop/productdetails/218039/mutti-gourmet-pasta-sauce-cherry-tomatoes-with-leccino-olives,https://assets.woolworths.com.au/images/1005/218039.jpg?impolicy=wowsmkqiema&w=260&h=260,$5.00,$1.25 / 100G,,, Add to cart , Save to list 
White Wings Stuffing Mix Hamburger Helper 110g,https://www.woolworths.com.au/shop/productdetails/33154/white-wings-stuffing-mix-hamburger-helper,https://assets.woolworths.com.au/images/1005/33154.jpg?impolicy=wowsmkqiema&w=260&h=260,$3.80,$0.35 / 10G,,, Add to cart , Save to list 
Betty Crocker Milk Chocolate Chunk Cookie Mix 485g,https://www.woolworths.com.au/shop/productdetails/187797/betty-crocker-milk-chocolate-chunk-cookie-mix,https://assets.woolworths.com.au/images/1005/187797.jpg?impolicy=wowsmkqiema&w=260&h=260,$4.50,$0.93 / 100G,,, Add to cart , Save to list 
Macro Cashew Kernels 500g,https://www.woolworths.com.au/shop/productdetails/355126/macro-cashew-kernels,https://assets.woolworths.com.au/images/1005/355126.jpg?impolicy=wowsmkqiema&w=260&h=260,$12.00,$24.00 / 1KG,4.4,332, Add to cart , Save to list 
Masterfoods Dried Mixed Herbs 40g,https://www.woolworths.com.au/shop/productdetails/33075/masterfoods-dried-mixed-herbs,https://assets.woolworths.com.au/images/1005/33075.jpg?impolicy=wowsmkqiema&w=260&h=260,$4.50,$1.13 / 10G,,, Add to cart , Save to list 
Sunbeam Mixed Fruit 375g,https://www.woolworths.com.au/shop/productdetails/91579/sunbeam-mixed-fruit,https://assets.woolworths.com.au/images/1005/91579.jpg?impolicy=wowsmkqiema&w=260&h=260,$5.50,$14.67 / 1KG,,, Add to cart , Save to list 
Deliciou Bacon Seasoning Original Original 55g,https://www.woolworths.com.au/shop/productdetails/57478/deliciou-bacon-seasoning-original-original,https://assets.woolworths.com.au/images/1005/57478.jpg?impolicy=wowsmkqiema&w=260&h=260,$7.50,$1.36 / 10G,,, Add to cart , Save to list 
Maggi Fusian 2 Minute Instant Hot & Spicy Noodles 5 Pack,https://www.woolworths.com.au/shop/productdetails/700075/maggi-fusian-2-minute-instant-hot-spicy-noodles,https://assets.woolworths.com.au/images/1005/700075.jpg?impolicy=wowsmkqiema&w=260&h=260,$4.00,$1.11 / 100G,,, Add to cart , Save to list 
Amy's Kitchen Canned Organic Minestrone Soup 405g,https://www.woolworths.com.au/shop/productdetails/198861/amy-s-kitchen-canned-organic-minestrone-soup,https://assets.woolworths.com.au/images/1005/198861.jpg?impolicy=wowsmkqiema&w=260&h=260,$3.90,$0.96 / 100G,,, Add to cart , Save to list 
La Molisana Pastificio Extra Di Lusso Penne Rigate 500g,https://www.woolworths.com.au/shop/productdetails/74787/la-molisana-pastificio-extra-di-lusso-penne-rigate,https://assets.woolworths.com.au/images/1005/74787.jpg?impolicy=wowsmkqiema&w=260&h=260,$4.00,$0.80 / 100G,4.4,430, Add to cart , Save to list 
Madura Green Tea Bags 50 Pack 75g,https://www.woolworths.com.au/shop/productdetails/30321/madura-green-tea-bags,https://assets.woolworths.com.au/images/1005/30321.jpg?impolicy=wowsmkqiema&w=260&h=260,$5.45,$0.11 / 1EA,,, Add to cart , Save to list 
Mckenzie's French Style Lentils 375g,https://www.woolworths.com.au/shop/productdetails/370240/mckenzie-s-french-style-lentils,https://assets.woolworths.com.au/images/1005/370240.jpg?impolicy=wowsmkqiema&w=260&h=260,$3.70,$0.99 / 100G,,, Add to cart , Save to list 
Always Fresh Cucumbers Dill 680g,https://www.woolworths.com.au/shop/productdetails/39902/always-fresh-cucumbers-dill,https://assets.woolworths.com.au/images/1005/39902.jpg?impolicy=wowsmkqiema&w=260&h=260,$4.60,$6.76 / 1KG,,, Add to cart , Save to list 
Hoyts Pepper Black Whole 100g,https://www.woolworths.com.au/shop/productdetails/94618/hoyts-pepper-black-whole,https://assets.woolworths.com.au/images/1005/94618.jpg?impolicy=wowsmkqiema&w=260&h=260,$5.00,$0.50 / 10G,,, Add to cart , Save to list 
Moro Light Taste Olive Oil 1l,https://www.woolworths.com.au/shop/productdetails/370440/moro-light-taste-olive-oil,https://assets.woolworths.com.au/images/1005/370440.jpg?impolicy=wowsmkqiema&w=260&h=260,$18.00,$1.80 / 100ML,,, Add to cart , Save to list 
Ainsley Harriot Cous Cous Roasted Vegetable 100g,https://www.woolworths.com.au/shop/productdetails/342678/ainsley-harriot-cous-cous-roasted-vegetable,https://assets.woolworths.com.au/images/1005/342678.jpg?impolicy=wowsmkqiema&w=260&h=260,$2.60,$2.60 / 100G,,, Add to cart , Save to list 
Chang's Original Fish Sauce 280ml,https://www.woolworths.com.au/shop/productdetails/167247/chang-s-original-fish-sauce,https://assets.woolworths.com.au/images/1005/167247.jpg?impolicy=wowsmkqiema&w=260&h=260,$3.25,$1.16 / 100ML,,, Add to cart , Save to list 
Masterfoods One Pan Rice Tomato & Italian Herb Risotto 250g,https://www.woolworths.com.au/shop/productdetails/219897/masterfoods-one-pan-rice-tomato-italian-herb-risotto,https://assets.woolworths.com.au/images/1005/219897.jpg?impolicy=wowsmkqiema&w=260&h=260,$4.00,$1.60 / 100G,,, Add to cart , Save to list 
Sandhurst Dressings Caramelised Balsamic Vinegar 250ml,https://www.woolworths.com.au/shop/productdetails/729113/sandhurst-dressings-caramelised-balsamic-vinegar,https://assets.woolworths.com.au/images/1005/729113.jpg?impolicy=wowsmkqiema&w=260&h=260,$10.00,$4.00 / 100ML,,, Add to cart , Save to list 
Lavazza Prontissimo! Intenso Premium Instant Coffee 95g,https://www.woolworths.com.au/shop/productdetails/551886/lavazza-prontissimo-intenso-premium-instant-coffee,https://assets.woolworths.com.au/images/1005/551886.jpg?impolicy=wowsmkqiema&w=260&h=260,$5.50,$5.79 / 100G,5.0,1, Add to cart , Save to list 
Tung Chun Potato Starch 500g,https://www.woolworths.com.au/shop/productdetails/841674/tung-chun-potato-starch,https://assets.woolworths.com.au/images/1005/841674.jpg?impolicy=wowsmkqiema&w=260&h=260,$4.00,$0.80 / 100G,,, Add to cart , Save to list 
Kellogg's Sultana Bran Hot Cross Bun Flavour 635g,https://www.woolworths.com.au/shop/productdetails/195187/kelloggs-sultana-bran-hot-cross-bun-flavour,https://assets.woolworths.com.au/images/1005/195187.jpg?impolicy=wowsmkqiema&w=260&h=260,$4.50,$0.71 / 100G,,, Add to cart , Save to list 
Masterfoods Finely Chopped Chilli 160g,https://www.woolworths.com.au/shop/productdetails/9591/masterfoods-finely-chopped-chilli,https://assets.woolworths.com.au/images/1005/9591.jpg?impolicy=wowsmkqiema&w=260&h=260,$4.00,$0.25 / 10G,,, Add to cart , Save to list 
Wallaby Bread Improver 125g,https://www.woolworths.com.au/shop/productdetails/349621/wallaby-bread-improver,https://assets.woolworths.com.au/images/1005/349621.jpg?impolicy=wowsmkqiema&w=260&h=260,$5.20,$4.16 / 100G,,, Add to cart , Save to list 
Lucky Slivered Almonds 110g,https://www.woolworths.com.au/shop/productdetails/289612/lucky-slivered-almonds,https://assets.woolworths.com.au/images/1005/289612.jpg?impolicy=wowsmkqiema&w=260&h=260,$4.50,$40.91 / 1KG,,, Add to cart , Save to list 
Moro Extra Virgin Olive Oil 500ml,https://www.woolworths.com.au/shop/productdetails/25065/moro-extra-virgin-olive-oil,https://assets.woolworths.com.au/images/1005/25065.jpg?impolicy=wowsmkqiema&w=260&h=260,$9.80,$1.96 / 100ML,,, Add to cart , Save to list 
Pandaroo Vietnamese Style Rice Paper Roll Dipping Sauce 270ml,https://www.woolworths.com.au/shop/productdetails/744207/pandaroo-vietnamese-style-rice-paper-roll-dipping-sauce,https://assets.woolworths.com.au/images/1005/744207.jpg?impolicy=wowsmkqiema&w=260&h=260,$3.30,$1.22 / 100ML,,, Add to cart , Save to list 
Aeroplane Original Green Apple Flavoured Jelly 85g,https://www.woolworths.com.au/shop/productdetails/178200/aeroplane-original-green-apple-flavoured-jelly,https://assets.woolworths.com.au/images/1005/178200.jpg?impolicy=wowsmkqiema&w=260&h=260,$1.10,$1.29 / 100G,,, Add to cart , Save to list 
Morning Sun Naturual Style Muesli  97% Fat Free Breakfast Cereal 650g,https://www.woolworths.com.au/shop/productdetails/336406/morning-sun-naturual-style-muesli-97-fat-free-breakfast-cereal,https://assets.woolworths.com.au/images/1005/336406.jpg?impolicy=wowsmkqiema&w=260&h=260,$4.50,$0.69 / 100G,,, Add to cart , Save to list 
Vittoria Organic Coffee Beans 500g,https://www.woolworths.com.au/shop/productdetails/32187/vittoria-organic-coffee-beans,https://assets.woolworths.com.au/images/1005/32187.jpg?impolicy=wowsmkqiema&w=260&h=260,$24.00,$4.80 / 100G,,, Add to cart , Save to list 
Woolworths Honey Nut Corn Flakes 670g,https://www.woolworths.com.au/shop/productdetails/71793/woolworths-honey-nut-corn-flakes,https://assets.woolworths.com.au/images/1005/71793.jpg?impolicy=wowsmkqiema&w=260&h=260,$4.95,$0.74 / 100G,3.8,991, Add to cart , Save to list 
"Edgell Nourish Bowl Cherm Veg Rice Salad Chickpeas, Cauli & Broc 180g",https://www.woolworths.com.au/shop/productdetails/190126/edgell-nourish-bowl-cherm-veg-rice-salad-chickpeas-cauli-broc,https://assets.woolworths.com.au/images/1005/190126.jpg?impolicy=wowsmkqiema&w=260&h=260,$4.00,$2.22 / 100G,,, Add to cart , Save to list 
Hoyts Cumin Seeds Whole 25g,https://www.woolworths.com.au/shop/productdetails/20380/hoyts-cumin-seeds-whole,https://assets.woolworths.com.au/images/1005/20380.jpg?impolicy=wowsmkqiema&w=260&h=260,$2.25,$0.90 / 10G,,, Add to cart , Save to list 
Pasta Roma Gluten Free Macaroni 350g,https://www.woolworths.com.au/shop/productdetails/199670/pasta-roma-gluten-free-macaroni,https://assets.woolworths.com.au/images/1005/199670.jpg?impolicy=wowsmkqiema&w=260&h=260,$3.50,$1.00 / 100G,,, Add to cart , Save to list 
Woolworths Pine Nuts 300g,https://www.woolworths.com.au/shop/productdetails/758762/woolworths-pine-nuts,https://assets.woolworths.com.au/images/1005/758762.jpg?impolicy=wowsmkqiema&w=260&h=260,$15.30,$51.00 / 1KG,4.6,502, Add to cart , Save to list 
Nescafe Coffee Sachets Hazelnut Latte 26 Pack,https://www.woolworths.com.au/shop/productdetails/549619/nescafe-coffee-sachets-hazelnut-latte-hazelnut,https://assets.woolworths.com.au/images/1005/549619.jpg?impolicy=wowsmkqiema&w=260&h=260,$11.00,$0.42 / 1EA,,, Add to cart , Save to list 
Always Fresh Capers Vinegar 230g,https://www.woolworths.com.au/shop/productdetails/464822/always-fresh-capers-vinegar,https://assets.woolworths.com.au/images/1005/464822.jpg?impolicy=wowsmkqiema&w=260&h=260,$4.00,$17.39 / 1KG,,, Add to cart , Save to list 
Kellogg's Special K Fruit & Nut Breakfast Cereal 430g,https://www.woolworths.com.au/shop/productdetails/710045/kelloggs-special-k-fruit-nut-breakfast-cereal,https://assets.woolworths.com.au/images/1005/710045.jpg?impolicy=wowsmkqiema&w=260&h=260,$5.60,$1.30 / 100G,,, Add to cart , Save to list 
Fehlbergs Burger Pickles 490g,https://www.woolworths.com.au/shop/productdetails/9228/fehlbergs-burger-pickles,https://assets.woolworths.com.au/images/1005/9228.jpg?impolicy=wowsmkqiema&w=260&h=260,$5.00,$10.20 / 1KG,,, Add to cart , Save to list 
Goulburn Valley Pears In Juice 700g,https://www.woolworths.com.au/shop/productdetails/784143/goulburn-valley-pears-in-juice-sliced-in-juice,https://assets.woolworths.com.au/images/1005/784143.jpg?impolicy=wowsmkqiema&w=260&h=260,$4.60,$6.57 / 1KG,4.0,1, Add to cart , Save to list 
Harvest Rice Bran Oil 1l,https://www.woolworths.com.au/shop/productdetails/741386/harvest-rice-bran-oil,https://assets.woolworths.com.au/images/1005/741386.jpg?impolicy=wowsmkqiema&w=260&h=260,$8.00,$0.80 / 100ML,,, Add to cart , Save to list 
Beerenberg Raspberry Jam 300g,https://www.woolworths.com.au/shop/productdetails/326802/beerenberg-raspberry-jam,https://assets.woolworths.com.au/images/1005/326802.jpg?impolicy=wowsmkqiema&w=260&h=260,$5.70,$1.90 / 100G,,, Add to cart , Save to list 
Ocean Spray Fruit Sauce Cranberry Whole Berry 275g,https://www.woolworths.com.au/shop/productdetails/25528/ocean-spray-fruit-sauce-cranberry-whole-berry,https://assets.woolworths.com.au/images/1005/25528.jpg?impolicy=wowsmkqiema&w=260&h=260,$3.90,$1.42 / 100G,,, Add to cart , Save to list 
Double Pheonix Dongguan Rice Stick 400g,https://www.woolworths.com.au/shop/productdetails/807415/double-pheonix-dongguan-rice-stick,https://assets.woolworths.com.au/images/1005/807415.jpg?impolicy=wowsmkqiema&w=260&h=260,$2.25,$0.56 / 100G,,, Add to cart , Save to list 
Golden Circle Blended Fruit Puree Banana & Berries Berry Lunch Box Pouch 120g,https://www.woolworths.com.au/shop/productdetails/777640/golden-circle-blended-fruit-puree-banana-berries-berry-lunch-box-pouch,https://assets.woolworths.com.au/images/1005/777640.jpg?impolicy=wowsmkqiema&w=260&h=260,,,,,, Save to list 
Calbee Harvest Snaps Tasty Toppers Chilli & Lime Flavour 60g,https://www.woolworths.com.au/shop/productdetails/233952/calbee-harvest-snaps-tasty-toppers-chilli-lime-flavour,https://assets.woolworths.com.au/images/1005/233952.jpg?impolicy=wowsmkqiema&w=260&h=260,$3.30,$5.50 / 100G,,, Add to cart , Save to list 
Nestle Milo Duo Breakfast Cereal Cereal 660g,https://www.woolworths.com.au/shop/productdetails/827594/nestle-milo-duo-breakfast-cereal-cereal,https://assets.woolworths.com.au/images/1005/827594.jpg?impolicy=wowsmkqiema&w=260&h=260,$8.80,$1.33 / 100G,,, Add to cart , Save to list 
Vittoria Mountain Grown Nespresso Compatible Coffee Capsules 40 Pack,https://www.woolworths.com.au/shop/productdetails/121229/vittoria-mountain-grown-nespresso-compatible-coffee-capsules,https://assets.woolworths.com.au/images/1005/121229.jpg?impolicy=wowsmkqiema&w=260&h=260,$21.00,$0.53 / 1EA,,, Add to cart , Save to list 
Betty Crocker Blueberry Low Fat Muffin Mix 500g,https://www.woolworths.com.au/shop/productdetails/187781/betty-crocker-blueberry-low-fat-muffin-mix,https://assets.woolworths.com.au/images/1005/187781.jpg?impolicy=wowsmkqiema&w=260&h=260,$4.50,$0.90 / 100G,,, Add to cart , Save to list 
Carman's Natural Bircher Muesli 875g,https://www.woolworths.com.au/shop/productdetails/688509/carman-s-natural-bircher-muesli,https://assets.woolworths.com.au/images/1005/688509.jpg?impolicy=wowsmkqiema&w=260&h=260,$9.00,$1.03 / 100G,,, Add to cart , Save to list 
Pasta Roma Gluten Free Penne 350g,https://www.woolworths.com.au/shop/productdetails/198648/pasta-roma-gluten-free-penne,https://assets.woolworths.com.au/images/1005/198648.jpg?impolicy=wowsmkqiema&w=260&h=260,$3.50,$1.00 / 100G,,, Add to cart , Save to list 
Woolworths Rice Bran Oil Spray 225g,https://www.woolworths.com.au/shop/productdetails/695460/woolworths-rice-bran-oil-spray,https://assets.woolworths.com.au/images/1005/695460.jpg?impolicy=wowsmkqiema&w=260&h=260,$3.90,$1.73 / 100G,,, Add to cart , Save to list 
Skippy Chunky No Added Sugar Peanut Butter 454g,https://www.woolworths.com.au/shop/productdetails/237499/skippy-chunky-no-added-sugar-peanut-butter,https://assets.woolworths.com.au/images/1005/237499.jpg?impolicy=wowsmkqiema&w=260&h=260,$2.75,$0.61 / 100G,,, Add to cart , Save to list 
Lowan Rolled Wholegrain Oats 1kg,https://www.woolworths.com.au/shop/productdetails/79402/lowan-rolled-wholegrain-oats,https://assets.woolworths.com.au/images/1005/79402.jpg?impolicy=wowsmkqiema&w=260&h=260,$4.30,$0.43 / 100G,,, Add to cart , Save to list 
Maggi Side Dish Cheese Bacon Flavoured Potato Bake 21g,https://www.woolworths.com.au/shop/productdetails/579736/maggi-side-dish-cheese-bacon-flavoured-potato-bake,https://assets.woolworths.com.au/images/1005/579736.jpg?impolicy=wowsmkqiema&w=260&h=260,$1.75,$8.33 / 100G,,, Add to cart , Save to list 
Bega Cream Cheese Spread Bold 250g,https://www.woolworths.com.au/shop/productdetails/781661/bega-cream-cheese-spread-bold,https://assets.woolworths.com.au/images/1005/781661.jpg?impolicy=wowsmkqiema&w=260&h=260,$4.10,$16.40 / 1KG,,, Add to cart , Save to list 
Green's Maple Syrup Pancake Shake 325g,https://www.woolworths.com.au/shop/productdetails/70743/green-s-maple-syrup-pancake-shake,https://assets.woolworths.com.au/images/1005/70743.jpg?impolicy=wowsmkqiema&w=260&h=260,$2.50,$0.77 / 100G,,, Add to cart , Save to list 
Mama Instant Noodles Jumbo Pack Pork Flavour 90g,https://www.woolworths.com.au/shop/productdetails/482811/mama-instant-noodles-jumbo-pack-pork-flavour,https://assets.woolworths.com.au/images/1005/482811.jpg?impolicy=wowsmkqiema&w=260&h=260,$1.00,$1.11 / 100G,,, Add to cart , Save to list 
Mckenzie's Chick Peas 1kg,https://www.woolworths.com.au/shop/productdetails/142090/mckenzie-s-chick-peas,https://assets.woolworths.com.au/images/1005/142090.jpg?impolicy=wowsmkqiema&w=260&h=260,$3.70,$0.37 / 100G,,, Add to cart , Save to list 
Ocean Spray Reduced Sugar Craisins 250g,https://www.woolworths.com.au/shop/productdetails/528827/ocean-spray-reduced-sugar-craisins,https://assets.woolworths.com.au/images/1005/528827.jpg?impolicy=wowsmkqiema&w=260&h=260,$5.00,$20.00 / 1KG,,, Add to cart , Save to list 
Lian Pho Ga Vietnamese Style Instant Rice Noodles 70g,https://www.woolworths.com.au/shop/productdetails/84326/lian-pho-ga-vietnamese-style-instant-rice-noodles,https://assets.woolworths.com.au/images/1005/84326.jpg?impolicy=wowsmkqiema&w=260&h=260,$2.20,$3.14 / 100G,,, Add to cart , Save to list 
Moccona Cadbury Mocha Sachets 8 Pack,https://www.woolworths.com.au/shop/productdetails/213595/moccona-cadbury-mocha-sachets,https://assets.woolworths.com.au/images/1005/213595.jpg?impolicy=wowsmkqiema&w=260&h=260,$3.00,$0.38 / 1EA,,, Add to cart , Save to list 
Mr Chen's Thai Green Curry Paste 190g,https://www.woolworths.com.au/shop/productdetails/224633/mr-chen-s-thai-green-curry-paste,https://assets.woolworths.com.au/images/1005/224633.jpg?impolicy=wowsmkqiema&w=260&h=260,$2.40,$1.26 / 100G,,, Add to cart , Save to list 
Vittoria Coffee Bags Long Black 20 Pack,https://www.woolworths.com.au/shop/productdetails/156801/vittoria-coffee-bags-long-black,https://assets.woolworths.com.au/images/1005/156801.jpg?impolicy=wowsmkqiema&w=260&h=260,$12.50,$0.63 / 1EA,,, Add to cart , Save to list 
Ritter Sport Dark Whole Hazelnuts Whole Hazelnut 100g,https://www.woolworths.com.au/shop/productdetails/305008/ritter-sport-dark-whole-hazelnuts-whole-hazelnut,https://assets.woolworths.com.au/images/1005/305008.jpg?impolicy=wowsmkqiema&w=260&h=260,$4.20,$4.20 / 100G,,, Add to cart , Save to list 
Indya Soya Wadi 400g,https://www.woolworths.com.au/shop/productdetails/57425/indya-soya-wadi,https://assets.woolworths.com.au/images/1005/57425.jpg?impolicy=wowsmkqiema&w=260&h=260,$2.50,$0.63 / 100G,,, Add to cart , Save to list 
Pana Organic Crunchy Hazelnut Chocolate Spread 200g,https://www.woolworths.com.au/shop/productdetails/237866/pana-organic-crunchy-hazelnut-chocolate-spread,https://assets.woolworths.com.au/images/1005/237866.jpg?impolicy=wowsmkqiema&w=260&h=260,$4.50,$2.25 / 100G,,, Add to cart , Save to list 
Coco Earth Ghee Butter 250ml,https://www.woolworths.com.au/shop/productdetails/819959/coco-earth-ghee-butter,https://assets.woolworths.com.au/images/1005/819959.jpg?impolicy=wowsmkqiema&w=260&h=260,$5.50,$2.20 / 100ML,,, Add to cart , Save to list 
Moccona Coffee Sachets Cappuccino 30 Pack,https://www.woolworths.com.au/shop/productdetails/175685/moccona-coffee-sachets-cappuccino,https://assets.woolworths.com.au/images/1005/175685.jpg?impolicy=wowsmkqiema&w=260&h=260,$12.00,$0.40 / 1EA,5.0,2, Add to cart , Save to list 
Maggi Side Dish Cheese & Cauliflower Flavoured Potato Bake 30g,https://www.woolworths.com.au/shop/productdetails/579716/maggi-side-dish-cheese-cauliflower-flavoured-potato-bake,https://assets.woolworths.com.au/images/1005/579716.jpg?impolicy=wowsmkqiema&w=260&h=260,$1.75,$5.83 / 100G,,, Add to cart , Save to list 
Maggie Beer Natural Beef Bone Broth 500ml,https://www.woolworths.com.au/shop/productdetails/170759/maggie-beer-natural-beef-bone-broth,https://assets.woolworths.com.au/images/1005/170759.jpg?impolicy=wowsmkqiema&w=260&h=260,$8.00,$1.60 / 100ML,,, Add to cart , Save to list 
Woolworths Spanish Extra Virgin Olive Oil 500ml,https://www.woolworths.com.au/shop/productdetails/698956/woolworths-spanish-extra-virgin-olive-oil,https://assets.woolworths.com.au/images/1005/698956.jpg?impolicy=wowsmkqiema&w=260&h=260,$7.00,$1.40 / 100ML,4.5,367, Add to cart , Save to list 
Marion's Kitchen Thai Green Curry Cooking Kit 419g,https://www.woolworths.com.au/shop/productdetails/99049/marion-s-kitchen-thai-green-curry-cooking-kit,https://assets.woolworths.com.au/images/1005/99049.jpg?impolicy=wowsmkqiema&w=260&h=260,$7.60,$1.81 / 100G,,, Add to cart , Save to list 
Masterfoods Mexican Chilli Powder 30g,https://www.woolworths.com.au/shop/productdetails/36345/masterfoods-mexican-chilli-powder,https://assets.woolworths.com.au/images/1005/36345.jpg?impolicy=wowsmkqiema&w=260&h=260,$4.30,$1.43 / 10G,5.0,1, Add to cart , Save to list 
Leggos Organic Tomato Paste Concentrate 500g,https://www.woolworths.com.au/shop/productdetails/88323/leggos-organic-tomato-paste-concentrate,https://assets.woolworths.com.au/images/1005/88323.jpg?impolicy=wowsmkqiema&w=260&h=260,$5.50,$1.10 / 100G,,, Add to cart , Save to list 
Nescafe Coffee Sachets 98% Sugar Free Latte 10 Pack,https://www.woolworths.com.au/shop/productdetails/115138/nescafe-coffee-sachets-98-sugar-free-latte,https://assets.woolworths.com.au/images/1005/115138.jpg?impolicy=wowsmkqiema&w=260&h=260,$7.60,$0.76 / 1EA,,, Add to cart , Save to list 
Abc Chilli Sauce Extra Hot 340ml,https://www.woolworths.com.au/shop/productdetails/168680/abc-chilli-sauce-extra-hot,https://assets.woolworths.com.au/images/1005/168680.jpg?impolicy=wowsmkqiema&w=260&h=260,$3.40,$1.01 / 100ML,,, Add to cart , Save to list 
Kellogg's Fun Pack Breakfast Cereals Assorted 170g,https://www.woolworths.com.au/shop/productdetails/281259/kelloggs-fun-pack-breakfast-cereals-assorted,https://assets.woolworths.com.au/images/1005/281259.jpg?impolicy=wowsmkqiema&w=260&h=260,$7.00,$4.12 / 100G,,, Add to cart , Save to list 
Zwan Chicken Luncheon Meat Halal 200g,https://www.woolworths.com.au/shop/productdetails/815454/zwan-chicken-luncheon-meat-halal,https://assets.woolworths.com.au/images/1005/815454.jpg?impolicy=wowsmkqiema&w=260&h=260,$3.50,$1.75 / 100G,,, Add to cart , Save to list 
Goulburn Valley Mango In Juice 685g,https://www.woolworths.com.au/shop/productdetails/784246/goulburn-valley-mango-in-juice,https://assets.woolworths.com.au/images/1005/784246.jpg?impolicy=wowsmkqiema&w=260&h=260,$6.30,$9.20 / 1KG,,, Add to cart , Save to list 
Ouma Condensed Milk Rusks 500g,https://www.woolworths.com.au/shop/productdetails/54604/ouma-condensed-milk-rusks,https://assets.woolworths.com.au/images/1005/54604.jpg?impolicy=wowsmkqiema&w=260&h=260,$8.00,$1.60 / 100G,,, Add to cart , Save to list 
Green's Brownie Mix Triple Chocolate Fudge 500g,https://www.woolworths.com.au/shop/productdetails/575822/green-s-brownie-mix-triple-chocolate-fudge,https://assets.woolworths.com.au/images/1005/575822.jpg?impolicy=wowsmkqiema&w=260&h=260,,,,,, Save to list 
Capilano Aussie Bush Honey Upside Down 340g,https://www.woolworths.com.au/shop/productdetails/237584/capilano-aussie-bush-honey-upside-down,https://assets.woolworths.com.au/images/1005/237584.jpg?impolicy=wowsmkqiema&w=260&h=260,$6.00,$1.76 / 100G,,, Add to cart , Save to list 
Gravox Roast Pork Family Pack Liquid Gravy Pouch 250g,https://www.woolworths.com.au/shop/productdetails/675110/gravox-roast-pork-family-pack-liquid-gravy-pouch,https://assets.woolworths.com.au/images/1005/675110.jpg?impolicy=wowsmkqiema&w=260&h=260,$4.00,$1.60 / 100G,,, Add to cart , Save to list 
Jordans Low Sugar Granola Blueberry & Coconut 500g,https://www.woolworths.com.au/shop/productdetails/85598/jordans-low-sugar-granola-blueberry-coconut,https://assets.woolworths.com.au/images/1005/85598.jpg?impolicy=wowsmkqiema&w=260&h=260,$4.25,$0.85 / 100G,,, Add to cart , Save to list 
Mckenzie's Baking Aids Gelatine 100g,https://www.woolworths.com.au/shop/productdetails/255257/mckenzie-s-baking-aids-gelatine,https://assets.woolworths.com.au/images/1005/255257.jpg?impolicy=wowsmkqiema&w=260&h=260,$4.20,$4.20 / 100G,,, Add to cart , Save to list 
Noshu 95% Sugar Free Choc Baking Chips 150g,https://www.woolworths.com.au/shop/productdetails/143706/noshu-95-sugar-free-choc-baking-chips,https://assets.woolworths.com.au/images/1005/143706.jpg?impolicy=wowsmkqiema&w=260&h=260,$4.60,$3.07 / 100G,,, Add to cart , Save to list 
Gourmet Garden Mint Lightly Dried 5g,https://www.woolworths.com.au/shop/productdetails/593297/gourmet-garden-mint-lightly-dried,https://assets.woolworths.com.au/images/1005/593297.jpg?impolicy=wowsmkqiema&w=260&h=260,,,,,, Save to list 
La Molisana Pastifico Extra Di Lusso Egg Lasagne 250g,https://www.woolworths.com.au/shop/productdetails/74801/la-molisana-pastifico-extra-di-lusso-egg-lasagne,https://assets.woolworths.com.au/images/1005/74801.jpg?impolicy=wowsmkqiema&w=260&h=260,$3.50,$1.40 / 100G,4.6,453, Add to cart , Save to list 
Mountain Valley Australian Molasses Squeeze 400g,https://www.woolworths.com.au/shop/productdetails/122336/mountain-valley-australian-molasses-squeeze,https://assets.woolworths.com.au/images/1005/122336.jpg?impolicy=wowsmkqiema&w=260&h=260,$3.50,$0.78 / 100G,,, Add to cart , Save to list 
Gravox Cheese Sauce Liquid Pouch 165g,https://www.woolworths.com.au/shop/productdetails/345992/gravox-cheese-sauce-liquid-pouch-cheese,https://assets.woolworths.com.au/images/1005/345992.jpg?impolicy=wowsmkqiema&w=260&h=260,$3.50,$2.12 / 100G,,, Add to cart , Save to list 
Harvest Beef Steak Vegetables 425g,https://www.woolworths.com.au/shop/productdetails/34017/harvest-beef-steak-vegetables,https://assets.woolworths.com.au/images/1005/34017.jpg?impolicy=wowsmkqiema&w=260&h=260,$5.00,$11.76 / 1KG,,, Add to cart , Save to list 
Nong Shim Shin Ramen Big Bowl 114g,https://www.woolworths.com.au/shop/productdetails/66835/nong-shim-shin-ramen-big-bowl,https://assets.woolworths.com.au/images/1005/66835.jpg?impolicy=wowsmkqiema&w=260&h=260,$2.35,$2.06 / 100G,,, Add to cart , Save to list 
Oli & Vine Rich Honey Mustard Dressing 250ml,https://www.woolworths.com.au/shop/productdetails/106091/oli-vine-rich-honey-mustard-dressing,https://assets.woolworths.com.au/images/1005/106091.jpg?impolicy=wowsmkqiema&w=260&h=260,$5.00,$2.00 / 100ML,,, Add to cart , Save to list 
Chang's Oyster Sauce 280ml,https://www.woolworths.com.au/shop/productdetails/609552/chang-s-oyster-sauce,https://assets.woolworths.com.au/images/1005/609552.jpg?impolicy=wowsmkqiema&w=260&h=260,$3.25,$1.16 / 100ML,,, Add to cart , Save to list 
Almond Breeze Barista Blend Blue Diamond 1l,https://www.woolworths.com.au/shop/productdetails/601864/almond-breeze-barista-blend-blue-diamond,https://assets.woolworths.com.au/images/1005/601864.jpg?impolicy=wowsmkqiema&w=260&h=260,$4.80,$4.80 / 1L,,, Add to cart , Save to list 
Ayam Plum Sauce 210ml,https://www.woolworths.com.au/shop/productdetails/35816/ayam-plum-sauce,https://assets.woolworths.com.au/images/1005/35816.jpg?impolicy=wowsmkqiema&w=260&h=260,$4.00,$1.90 / 100ML,,, Add to cart , Save to list 
White Wings Cheesecake Layer Mix 200g,https://www.woolworths.com.au/shop/productdetails/141161/white-wings-cheesecake-layer-mix,https://assets.woolworths.com.au/images/1005/141161.jpg?impolicy=wowsmkqiema&w=260&h=260,$3.60,$1.80 / 100G,,, Add to cart , Save to list 
Gravox Pepper Sauce Mix 29g,https://www.woolworths.com.au/shop/productdetails/24306/gravox-pepper-sauce-mix-sauce-pepper,https://assets.woolworths.com.au/images/1005/24306.jpg?impolicy=wowsmkqiema&w=260&h=260,$1.50,$0.52 / 10G,,, Add to cart , Save to list 
Pandaroo Lite Coconut Cream 400ml,https://www.woolworths.com.au/shop/productdetails/744256/pandaroo-lite-coconut-cream,https://assets.woolworths.com.au/images/1005/744256.jpg?impolicy=wowsmkqiema&w=260&h=260,$2.00,$0.50 / 100ML,,, Add to cart , Save to list 
Woolworths Bran Flakes & Sultanas 700g,https://www.woolworths.com.au/shop/productdetails/87918/woolworths-bran-flakes-sultanas,https://assets.woolworths.com.au/images/1005/87918.jpg?impolicy=wowsmkqiema&w=260&h=260,$4.90,$0.70 / 100G,3.2,537, Add to cart , Save to list 
Woolworths Mushroom Sauce 200g,https://www.woolworths.com.au/shop/productdetails/182812/woolworths-mushroom-sauce,https://assets.woolworths.com.au/images/1005/182812.jpg?impolicy=wowsmkqiema&w=260&h=260,$3.00,$1.50 / 100G,3.8,517, Add to cart , Save to list 
Lee Kum Kee Weijixian Soy Sauce 500ml,https://www.woolworths.com.au/shop/productdetails/238035/lee-kum-kee-weijixian-soy-sauce,https://assets.woolworths.com.au/images/1005/238035.jpg?impolicy=wowsmkqiema&w=260&h=260,$2.45,$0.49 / 100ML,,, Add to cart , Save to list 
Mccormick Grill Mates Chipotle & Garlic American Bbq Dry Marinade 40g,https://www.woolworths.com.au/shop/productdetails/58546/mccormick-grill-mates-chipotle-garlic-american-bbq-dry-marinade,https://assets.woolworths.com.au/images/1005/58546.jpg?impolicy=wowsmkqiema&w=260&h=260,$2.50,$0.63 / 10G,,, Add to cart , Save to list 
Nestle Milo Protein Breakfast Cereal 600g,https://www.woolworths.com.au/shop/productdetails/148146/nestle-milo-protein-breakfast-cereal,https://assets.woolworths.com.au/images/1005/148146.jpg?impolicy=wowsmkqiema&w=260&h=260,$8.80,$1.47 / 100G,,, Add to cart , Save to list 
O'food Korean Gochujang 170g,https://www.woolworths.com.au/shop/productdetails/234341/o-food-o-food-korean-gochujang,https://assets.woolworths.com.au/images/1005/234341.jpg?impolicy=wowsmkqiema&w=260&h=260,$2.20,$1.29 / 100G,,, Add to cart , Save to list 
Essentials Cooking Chocolate Milk 375g,https://www.woolworths.com.au/shop/productdetails/18145/essentials-cooking-chocolate-milk,https://assets.woolworths.com.au/images/1005/18145.jpg?impolicy=wowsmkqiema&w=260&h=260,$2.50,$0.67 / 100G,3.5,311, Add to cart , Save to list 
Slendier Masala Instant Cup Noodles 65g,https://www.woolworths.com.au/shop/productdetails/222361/slendier-masala-instant-cup-noodles,https://assets.woolworths.com.au/images/1005/222361.jpg?impolicy=wowsmkqiema&w=260&h=260,$5.20,$8.00 / 100G,,, Add to cart , Save to list 
Hoyts Caraway Seeds 15g,https://www.woolworths.com.au/shop/productdetails/94628/hoyts-caraway-seeds,https://assets.woolworths.com.au/images/1005/94628.jpg?impolicy=wowsmkqiema&w=260&h=260,$1.80,$1.20 / 10G,,, Add to cart , Save to list 
Nando's Hot Peri-peri Chilli Sauce Peri Peri Sauce 250g,https://www.woolworths.com.au/shop/productdetails/717857/nando-s-hot-peri-peri-chilli-sauce-peri-peri-sauce,https://assets.woolworths.com.au/images/1005/717857.jpg?impolicy=wowsmkqiema&w=260&h=260,$6.80,$2.72 / 100G,,, Add to cart , Save to list 
Capilano 100% Pure Australian Honey Twist & Squeeze 375g,https://www.woolworths.com.au/shop/productdetails/342395/capilano-100-pure-australian-honey-twist-squeeze,https://assets.woolworths.com.au/images/1005/342395.jpg?impolicy=wowsmkqiema&w=260&h=260,$6.00,$1.60 / 100G,,, Add to cart , Save to list 
Symington's Instant Dandelion Tea No Caffeine 250g,https://www.woolworths.com.au/shop/productdetails/8552/symington-s-instant-dandelion-tea-no-caffeine,https://assets.woolworths.com.au/images/1005/8552.jpg?impolicy=wowsmkqiema&w=260&h=260,$13.20,$5.28 / 100G,,, Add to cart , Save to list 
Always Fresh Roasted Pepper Strips 310g,https://www.woolworths.com.au/shop/productdetails/465076/always-fresh-roasted-pepper-strips,https://assets.woolworths.com.au/images/1005/465076.jpg?impolicy=wowsmkqiema&w=260&h=260,$5.50,$17.74 / 1KG,,, Add to cart , Save to list 
Espressotoria Coffee Capsules Vittoria Decaf 12 Pack,https://www.woolworths.com.au/shop/productdetails/931405/espressotoria-coffee-capsules-vittoria-decaf,https://assets.woolworths.com.au/images/1005/931405.jpg?impolicy=wowsmkqiema&w=260&h=260,$10.00,$0.83 / 1EA,,, Add to cart , Save to list 
Nerada Organics Green Tea Cup Bags 150g,https://www.woolworths.com.au/shop/productdetails/95165/nerada-organics-green-tea-cup-bags,https://assets.woolworths.com.au/images/1005/95165.jpg?impolicy=wowsmkqiema&w=260&h=260,$9.00,$0.09 / 1EA,,, Add to cart , Save to list 
Three Threes Gherkins Sweet Spiced 260g,https://www.woolworths.com.au/shop/productdetails/264285/three-threes-gherkins-sweet-spiced,https://assets.woolworths.com.au/images/1005/264285.jpg?impolicy=wowsmkqiema&w=260&h=260,$3.00,$11.54 / 1KG,,, Add to cart , Save to list 
Hoyts Nutmeg Ground 25g,https://www.woolworths.com.au/shop/productdetails/94608/hoyts-nutmeg-ground,https://assets.woolworths.com.au/images/1005/94608.jpg?impolicy=wowsmkqiema&w=260&h=260,$2.50,$1.00 / 10G,,, Add to cart , Save to list 
Macro Organic Buckwheat Raw 500g,https://www.woolworths.com.au/shop/productdetails/335080/macro-organic-buckwheat-raw,https://assets.woolworths.com.au/images/1005/335080.jpg?impolicy=wowsmkqiema&w=260&h=260,$3.50,$0.70 / 100G,3.7,445, Add to cart , Save to list 
Lipton Iced Tea Lemon 20 Pack,https://www.woolworths.com.au/shop/productdetails/116550/lipton-iced-tea-lemon,https://assets.woolworths.com.au/images/1005/116550.jpg?impolicy=wowsmkqiema&w=260&h=260,$6.50,$0.33 / 1EA,,, Add to cart , Save to list 
Macro Organic Brown Rice 750g,https://www.woolworths.com.au/shop/productdetails/219995/macro-organic-brown-rice,https://assets.woolworths.com.au/images/1005/219995.jpg?impolicy=wowsmkqiema&w=260&h=260,$3.50,$0.47 / 100G,,, Add to cart , Save to list 
Golden Circle Tropical Pineapple Pieces Canned Tinned Fruit Can Tin 425g,https://www.woolworths.com.au/shop/productdetails/801106/golden-circle-tropical-pineapple-pieces-canned-tinned-fruit-can-tin,https://assets.woolworths.com.au/images/1005/801106.jpg?impolicy=wowsmkqiema&w=260&h=260,$3.10,$7.29 / 1KG,,, Add to cart , Save to list 
Masterfoods Hot English Mustard 175g,https://www.woolworths.com.au/shop/productdetails/32787/masterfoods-hot-english-mustard,https://assets.woolworths.com.au/images/1005/32787.jpg?impolicy=wowsmkqiema&w=260&h=260,$4.00,$2.29 / 100G,,, Add to cart , Save to list 
So Good Chocolate Almond Milk 1l,https://www.woolworths.com.au/shop/productdetails/276856/so-good-chocolate-almond-milk,https://assets.woolworths.com.au/images/1005/276856.jpg?impolicy=wowsmkqiema&w=260&h=260,$3.20,$3.20 / 1L,,, Add to cart , Save to list 
Vittoria Oro Ground Coffee Oro 1kg,https://www.woolworths.com.au/shop/productdetails/254695/vittoria-oro-ground-coffee-oro,https://assets.woolworths.com.au/images/1005/254695.jpg?impolicy=wowsmkqiema&w=260&h=260,$40.00,$4.00 / 100G,,, Add to cart , Save to list 
Woolworths Green Stuffed Olives 935g,https://www.woolworths.com.au/shop/productdetails/524431/woolworths-green-stuffed-olives,https://assets.woolworths.com.au/images/1005/524431.jpg?impolicy=wowsmkqiema&w=260&h=260,$4.50,$0.48 / 100G,4.3,517, Add to cart , Save to list 
La Molisana Pastifico Extra Di Lusso Farfalle Rigate 500g,https://www.woolworths.com.au/shop/productdetails/74920/la-molisana-pastifico-extra-di-lusso-farfalle-rigate,https://assets.woolworths.com.au/images/1005/74920.jpg?impolicy=wowsmkqiema&w=260&h=260,$4.00,$0.80 / 100G,4.6,495, Add to cart , Save to list 
Maggi Fusian Noodle Cup Malaysian Laksa 61g,https://www.woolworths.com.au/shop/productdetails/53323/maggi-fusian-noodle-cup-malaysian-laksa,https://assets.woolworths.com.au/images/1005/53323.jpg?impolicy=wowsmkqiema&w=260&h=260,$1.50,$2.46 / 100G,,, Add to cart , Save to list 
Gravox Best Ever Bangers 'n' Mash Liquid Gravy Pouch 165g,https://www.woolworths.com.au/shop/productdetails/757539/gravox-best-ever-bangers-n-mash-liquid-gravy-pouch,https://assets.woolworths.com.au/images/1005/757539.jpg?impolicy=wowsmkqiema&w=260&h=260,$3.50,$2.12 / 100G,,, Add to cart , Save to list 
Three Threes Apple Sauce Country Style Each,https://www.woolworths.com.au/shop/productdetails/743976/three-threes-apple-sauce-country-style,https://assets.woolworths.com.au/images/1005/743976.jpg?impolicy=wowsmkqiema&w=260&h=260,$3.20,$1.28 / 100G,,, Add to cart , Save to list 
Beerenberg Caramelised Onion 280g,https://www.woolworths.com.au/shop/productdetails/310572/beerenberg-caramelised-onion,https://assets.woolworths.com.au/images/1005/310572.jpg?impolicy=wowsmkqiema&w=260&h=260,$5.50,$1.96 / 100G,,, Add to cart , Save to list 
Continental Recipe Base Creamy Chicken Curry 30g,https://www.woolworths.com.au/shop/productdetails/87997/continental-recipe-base-creamy-chicken-curry,https://assets.woolworths.com.au/images/1005/87997.jpg?impolicy=wowsmkqiema&w=260&h=260,$1.80,$6.00 / 100G,,, Add to cart , Save to list 
Gravox Lamb & Rosemary Gravy Mix Tin 120g,https://www.woolworths.com.au/shop/productdetails/179481/gravox-lamb-rosemary-gravy-mix-tin-mix-lamb-rosemary,https://assets.woolworths.com.au/images/1005/179481.jpg?impolicy=wowsmkqiema&w=260&h=260,$5.00,$0.42 / 10G,,, Add to cart , Save to list 
Bonvit Roasted Dandelion Tea Bags 32 Pack,https://www.woolworths.com.au/shop/productdetails/59823/bonvit-roasted-dandelion-tea-bags,https://assets.woolworths.com.au/images/1005/59823.jpg?impolicy=wowsmkqiema&w=260&h=260,$8.50,$0.27 / 1EA,5.0,1, Add to cart , Save to list 
Chang's Gluten Free Noodles 100g,https://www.woolworths.com.au/shop/productdetails/263290/chang-s-gluten-free-noodles,https://assets.woolworths.com.au/images/1005/263290.jpg?impolicy=wowsmkqiema&w=260&h=260,$1.40,$1.40 / 100G,,, Add to cart , Save to list 
Nescafe Dolce Gusto Café Au Lait Coffee Pods 16 Pack,https://www.woolworths.com.au/shop/productdetails/754295/nescafe-dolce-gusto-caf-au-lait-coffee-pods,https://assets.woolworths.com.au/images/1005/754295.jpg?impolicy=wowsmkqiema&w=260&h=260,$10.00,$0.63 / 1EA,,, Add to cart , Save to list 
Woolworths Free From Gluten Banana Bread 400g,https://www.woolworths.com.au/shop/productdetails/770074/woolworths-free-from-gluten-banana-bread,https://assets.woolworths.com.au/images/1005/770074.jpg?impolicy=wowsmkqiema&w=260&h=260,$3.40,$0.85 / 100G,4.3,291, Add to cart , Save to list 
Carman's 5 Grain & Seed Granola Almond Vanilla & Cinnamon 450g,https://www.woolworths.com.au/shop/productdetails/867025/carman-s-5-grain-seed-granola-almond-vanilla-cinnamon,https://assets.woolworths.com.au/images/1005/867025.jpg?impolicy=wowsmkqiema&w=260&h=260,$6.90,$1.53 / 100G,,, Add to cart , Save to list 
Carman's Classic Fruit & Nut Muesli 500g,https://www.woolworths.com.au/shop/productdetails/146326/carman-s-classic-fruit-nut-muesli,https://assets.woolworths.com.au/images/1005/146326.jpg?impolicy=wowsmkqiema&w=260&h=260,$5.00,$1.00 / 100G,,, Add to cart , Save to list 
Masterfoods Butter Chicken Recipe Base 175g,https://www.woolworths.com.au/shop/productdetails/785142/masterfoods-butter-chicken-recipe-base,https://assets.woolworths.com.au/images/1005/785142.jpg?impolicy=wowsmkqiema&w=260&h=260,$2.80,$1.60 / 100G,,, Add to cart , Save to list 
Always Fresh Green Peppercorns 100g,https://www.woolworths.com.au/shop/productdetails/58576/always-fresh-green-peppercorns,https://assets.woolworths.com.au/images/1005/58576.jpg?impolicy=wowsmkqiema&w=260&h=260,$3.00,$0.30 / 10G,,, Add to cart , Save to list 
"Carman's Honey, Vanilla & Cinnamon Gourmet Porridge Sachets 320g",https://www.woolworths.com.au/shop/productdetails/435300/carman-s-honey-vanilla-cinnamon-gourmet-porridge-sachets,https://assets.woolworths.com.au/images/1005/435300.jpg?impolicy=wowsmkqiema&w=260&h=260,$6.50,$2.03 / 100G,,, Add to cart , Save to list 
Carman's Original Fruit Free Muesli 500g,https://www.woolworths.com.au/shop/productdetails/146325/carman-s-original-fruit-free-muesli,https://assets.woolworths.com.au/images/1005/146325.jpg?impolicy=wowsmkqiema&w=260&h=260,$5.00,$1.00 / 100G,,, Add to cart , Save to list 
Moccona Double Shot Latte Coffee Sachets 10 Pack,https://www.woolworths.com.au/shop/productdetails/175458/moccona-double-shot-latte-coffee-sachets,https://assets.woolworths.com.au/images/1005/175458.jpg?impolicy=wowsmkqiema&w=260&h=260,$3.50,$0.35 / 1EA,,, Add to cart , Save to list 
Passage To Thailand Massaman Curry Simmer Sauce 200g,https://www.woolworths.com.au/shop/productdetails/552563/passage-to-thailand-massaman-curry-simmer-sauce,https://assets.woolworths.com.au/images/1005/552563.jpg?impolicy=wowsmkqiema&w=260&h=260,$2.40,$1.20 / 100G,,, Add to cart , Save to list 
Avalanche 99% Sugar Free Chai Latte 10 Pack,https://www.woolworths.com.au/shop/productdetails/159190/avalanche-99-sugar-free-chai-latte,https://assets.woolworths.com.au/images/1005/159190.jpg?impolicy=wowsmkqiema&w=260&h=260,$5.50,$0.55 / 1EA,,, Add to cart , Save to list 
John West Herrings In Tomato Sauce 200g,https://www.woolworths.com.au/shop/productdetails/92895/john-west-herrings-in-tomato-sauce,https://assets.woolworths.com.au/images/1005/92895.jpg?impolicy=wowsmkqiema&w=260&h=260,$3.00,$15.00 / 1KG,,, Add to cart , Save to list 
Kellogg's All-bran Flakes Honey Almond Cereal 420g,https://www.woolworths.com.au/shop/productdetails/701689/kelloggs-all-bran-flakes-honey-almond-cereal,https://assets.woolworths.com.au/images/1005/701689.jpg?impolicy=wowsmkqiema&w=260&h=260,$6.00,$1.43 / 100G,,, Add to cart , Save to list 
Masterfoods Garlic & Truffle Flavour No Rules Sauce 250ml,https://www.woolworths.com.au/shop/productdetails/238277/masterfoods-garlic-truffle-flavour-no-rules-sauce,https://assets.woolworths.com.au/images/1005/238277.jpg?impolicy=wowsmkqiema&w=260&h=260,$4.80,$1.92 / 100ML,,, Add to cart , Save to list 
Pandaroo Lite Coconut Milk 165ml,https://www.woolworths.com.au/shop/productdetails/744243/pandaroo-lite-coconut-milk,https://assets.woolworths.com.au/images/1005/744243.jpg?impolicy=wowsmkqiema&w=260&h=260,$1.40,$0.85 / 100ML,,, Add to cart , Save to list 
Simson's Pantry Naan Traditional 2 Pack,https://www.woolworths.com.au/shop/productdetails/715897/simson-s-pantry-naan-traditional-naan-traditional,https://assets.woolworths.com.au/images/1005/715897.jpg?impolicy=wowsmkqiema&w=260&h=260,$3.50,$1.40 / 100G,,, Add to cart , Save to list 
Hellmann's Vegan Mayonnaise Jar 270g,https://www.woolworths.com.au/shop/productdetails/232140/hellmann-s-vegan-mayonnaise-jar,https://assets.woolworths.com.au/images/1005/232140.jpg?impolicy=wowsmkqiema&w=260&h=260,$6.00,$2.22 / 100G,,, Add to cart , Save to list 
Pasta Roma Gluten Free Spirals 350g,https://www.woolworths.com.au/shop/productdetails/199385/pasta-roma-gluten-free-spirals,https://assets.woolworths.com.au/images/1005/199385.jpg?impolicy=wowsmkqiema&w=260&h=260,$3.50,$1.00 / 100G,,, Add to cart , Save to list 
Tilda Indonesian Fried Rice 250g,https://www.woolworths.com.au/shop/productdetails/253706/tilda-indonesian-fried-rice,https://assets.woolworths.com.au/images/1005/253706.jpg?impolicy=wowsmkqiema&w=260&h=260,$3.00,$1.20 / 100G,,, Add to cart , Save to list 
Mckenzie's Dried Veg Borlotti Beans 375g,https://www.woolworths.com.au/shop/productdetails/8077/mckenzie-s-dried-veg-borlotti-beans,https://assets.woolworths.com.au/images/1005/8077.jpg?impolicy=wowsmkqiema&w=260&h=260,$2.60,$0.69 / 100G,,, Add to cart , Save to list 
Woolworths Chicken Mustard Mayo 85g,https://www.woolworths.com.au/shop/productdetails/346122/woolworths-chicken-mustard-mayo,https://assets.woolworths.com.au/images/1005/346122.jpg?impolicy=wowsmkqiema&w=260&h=260,$1.40,$16.47 / 1KG,3.2,884, Add to cart , Save to list 
St Dalfour Royal Fig 284g 284g,https://www.woolworths.com.au/shop/productdetails/112406/st-dalfour-royal-fig-284g,https://assets.woolworths.com.au/images/1005/112406.jpg?impolicy=wowsmkqiema&w=260&h=260,$5.70,$2.01 / 100G,,, Add to cart , Save to list 
Sunbeam Mixed Fruit 1kg,https://www.woolworths.com.au/shop/productdetails/33833/sunbeam-mixed-fruit,https://assets.woolworths.com.au/images/1005/33833.jpg?impolicy=wowsmkqiema&w=260&h=260,$11.00,$11.00 / 1KG,,, Add to cart , Save to list 
Bega Cream Cheese Spread Bold 500g,https://www.woolworths.com.au/shop/productdetails/795867/bega-cream-cheese-spread-bold,https://assets.woolworths.com.au/images/1005/795867.jpg?impolicy=wowsmkqiema&w=260&h=260,$7.00,$14.00 / 1KG,,, Add to cart , Save to list 
"Macro Natural Brazil, Almond & Cashew Spread 250g",https://www.woolworths.com.au/shop/productdetails/357269/macro-natural-brazil-almond-cashew-spread,https://assets.woolworths.com.au/images/1005/357269.jpg?impolicy=wowsmkqiema&w=260&h=260,$5.70,$2.28 / 100G,5.0,1, Add to cart , Save to list 
Queen Glucose Syrup 500g,https://www.woolworths.com.au/shop/productdetails/202407/queen-glucose-syrup,https://assets.woolworths.com.au/images/1005/202407.jpg?impolicy=wowsmkqiema&w=260&h=260,$4.90,$0.98 / 100G,,, Add to cart , Save to list 
Continental Seasoning Sensations Recipe Base  Thai Stir Fry 34g,https://www.woolworths.com.au/shop/productdetails/217164/continental-seasoning-sensations-recipe-base-thai-stir-fry,https://assets.woolworths.com.au/images/1005/217164.jpg?impolicy=wowsmkqiema&w=260&h=260,$2.75,$8.09 / 100G,,, Add to cart , Save to list 
Hart & Soul All Natural Massaman Curry Recipe Base 80g,https://www.woolworths.com.au/shop/productdetails/84046/hart-soul-all-natural-massaman-curry-recipe-base,https://assets.woolworths.com.au/images/1005/84046.jpg?impolicy=wowsmkqiema&w=260&h=260,$2.50,$0.31 / 10G,,, Add to cart , Save to list 
Woolworths Free From Gluten Vanilla Cake Mix 430g,https://www.woolworths.com.au/shop/productdetails/517214/woolworths-free-from-gluten-vanilla-cake-mix,https://assets.woolworths.com.au/images/1005/517214.jpg?impolicy=wowsmkqiema&w=260&h=260,$3.00,$0.70 / 100G,4.5,805, Add to cart , Save to list 
Erawan Rice Stick Small 375g,https://www.woolworths.com.au/shop/productdetails/40312/erawan-rice-stick-small,https://assets.woolworths.com.au/images/1005/40312.jpg?impolicy=wowsmkqiema&w=260&h=260,$3.00,$0.80 / 100G,,, Add to cart , Save to list 
Jeeny's Paste Shrimp 80g,https://www.woolworths.com.au/shop/productdetails/712673/jeeny-s-paste-shrimp,https://assets.woolworths.com.au/images/1005/712673.jpg?impolicy=wowsmkqiema&w=260&h=260,$3.30,$4.13 / 100G,,, Add to cart , Save to list 
Republica Organic Instant Coffee 100% Pure Decaffeinated 100g,https://www.woolworths.com.au/shop/productdetails/346896/republica-organic-instant-coffee-100-pure-decaffeinated,https://assets.woolworths.com.au/images/1005/346896.jpg?impolicy=wowsmkqiema&w=260&h=260,$13.50,$13.50 / 100G,,, Add to cart , Save to list 
Mccormick Sour Cream & Chive Potato Mash Recipe Base 40g,https://www.woolworths.com.au/shop/productdetails/591730/mccormick-sour-cream-chive-potato-mash-recipe-base,https://assets.woolworths.com.au/images/1005/591730.jpg?impolicy=wowsmkqiema&w=260&h=260,$1.60,$4.00 / 100G,,, Add to cart , Save to list 
Queen Sugar Free Maple Flavoured Syrup Vanilla 355ml,https://www.woolworths.com.au/shop/productdetails/240398/queen-sugar-free-maple-flavoured-syrup-vanilla,https://assets.woolworths.com.au/images/1005/240398.jpg?impolicy=wowsmkqiema&w=260&h=260,$3.50,$0.99 / 100ML,,, Add to cart , Save to list 
Kellogg's Sultana Bran Oat Cluster Breakfast Cereal 480g,https://www.woolworths.com.au/shop/productdetails/202490/kelloggs-sultana-bran-oat-cluster-breakfast-cereal,https://assets.woolworths.com.au/images/1005/202490.jpg?impolicy=wowsmkqiema&w=260&h=260,$5.60,$1.17 / 100G,,, Add to cart , Save to list 
L'or Espresso Supremo Intensity 10 Coffee Capsules 40 Pack,https://www.woolworths.com.au/shop/productdetails/160752/l-or-espresso-supremo-intensity-10-coffee-capsules,https://assets.woolworths.com.au/images/1005/160752.jpg?impolicy=wowsmkqiema&w=260&h=260,$22.00,$0.55 / 1EA,,, Add to cart , Save to list 
Golden Circle Australian Canned Fruit Tinned Pineapple Pieces In Syrup 450g,https://www.woolworths.com.au/shop/productdetails/33428/golden-circle-australian-canned-fruit-tinned-pineapple-pieces-in-syrup,https://assets.woolworths.com.au/images/1005/33428.jpg?impolicy=wowsmkqiema&w=260&h=260,$4.40,$9.78 / 1KG,,, Add to cart , Save to list 
Lavazza Coffee Beans Crema E Gusto Classico 1kg,https://www.woolworths.com.au/shop/productdetails/159160/lavazza-coffee-beans-crema-e-gusto-classico,https://assets.woolworths.com.au/images/1005/159160.jpg?impolicy=wowsmkqiema&w=260&h=260,$19.60,$1.96 / 100G,4.0,1, Add to cart , Save to list 
Mingle Everything Bagel Seasoning 50g,https://www.woolworths.com.au/shop/productdetails/255379/mingle-everything-bagel-seasoning,https://assets.woolworths.com.au/images/1005/255379.jpg?impolicy=wowsmkqiema&w=260&h=260,,,,,, Save to list 
Nando's Mild Peri-peri Chilli Sauce Sauce 250g,https://www.woolworths.com.au/shop/productdetails/844408/nando-s-mild-peri-peri-chilli-sauce-sauce,https://assets.woolworths.com.au/images/1005/844408.jpg?impolicy=wowsmkqiema&w=260&h=260,$6.80,$2.72 / 100G,,, Add to cart , Save to list 
Woolworths Whole Kalamata Olives 350g,https://www.woolworths.com.au/shop/productdetails/690367/woolworths-whole-kalamata-olives,https://assets.woolworths.com.au/images/1005/690367.jpg?impolicy=wowsmkqiema&w=260&h=260,$2.80,$8.00 / 1KG,4.1,491, Add to cart , Save to list 
Dilmah Earl Grey Tea Bags 50 Pack,https://www.woolworths.com.au/shop/productdetails/200148/dilmah-earl-grey-tea-bags,https://assets.woolworths.com.au/images/1005/200148.jpg?impolicy=wowsmkqiema&w=260&h=260,$6.35,$0.13 / 1EA,,, Add to cart , Save to list 
Cardini's Dressings Creamy Caesar 350ml,https://www.woolworths.com.au/shop/productdetails/213256/cardini-s-dressings-creamy-caesar,https://assets.woolworths.com.au/images/1005/213256.jpg?impolicy=wowsmkqiema&w=260&h=260,$7.70,$2.20 / 100ML,,, Add to cart , Save to list 
Sanitarium Marmite Spread 250g,https://www.woolworths.com.au/shop/productdetails/79628/sanitarium-marmite-spread,https://assets.woolworths.com.au/images/1005/79628.jpg?impolicy=wowsmkqiema&w=260&h=260,$4.30,$1.72 / 100G,,, Add to cart , Save to list 
Vittoria Mountain Grown Ground Coffee 200g,https://www.woolworths.com.au/shop/productdetails/94686/vittoria-mountain-grown-ground-coffee,https://assets.woolworths.com.au/images/1005/94686.jpg?impolicy=wowsmkqiema&w=260&h=260,$10.00,$5.00 / 100G,,, Add to cart , Save to list 
Always Fresh Stuffed Peppers 280g,https://www.woolworths.com.au/shop/productdetails/691515/always-fresh-stuffed-peppers,https://assets.woolworths.com.au/images/1005/691515.jpg?impolicy=wowsmkqiema&w=260&h=260,$7.30,$26.07 / 1KG,,, Add to cart , Save to list 
Masterfoods Dried Italian Herbs 30g,https://www.woolworths.com.au/shop/productdetails/92159/masterfoods-dried-italian-herbs,https://assets.woolworths.com.au/images/1005/92159.jpg?impolicy=wowsmkqiema&w=260&h=260,,,5.0,1,, Save to list 
Moccona Freeze Dried Instant Coffee Classic Medium Roast 50g,https://www.woolworths.com.au/shop/productdetails/32695/moccona-freeze-dried-instant-coffee-classic-medium-roast,https://assets.woolworths.com.au/images/1005/32695.jpg?impolicy=wowsmkqiema&w=260&h=260,$7.00,$14.00 / 100G,,, Add to cart , Save to list 
Podravka Chicken Paste 100g,https://www.woolworths.com.au/shop/productdetails/323962/podravka-chicken-paste,https://assets.woolworths.com.au/images/1005/323962.jpg?impolicy=wowsmkqiema&w=260&h=260,$2.60,$2.60 / 100G,,, Add to cart , Save to list 
Thumbs Up Drink Can 300ml,https://www.woolworths.com.au/shop/productdetails/770161/thumbs-up-drink-can,https://assets.woolworths.com.au/images/1005/770161.jpg?impolicy=wowsmkqiema&w=260&h=260,$1.70,$5.67 / 1L,,, Add to cart , Save to list 
Woolworths Vanilla Cornet Cones 30 Pack,https://www.woolworths.com.au/shop/productdetails/198545/woolworths-vanilla-cornet-cones,https://assets.woolworths.com.au/images/1005/198545.jpg?impolicy=wowsmkqiema&w=260&h=260,$2.20,$2.10 / 100G,,, Add to cart , Save to list 
Winn Cherries Red Glace 200g,https://www.woolworths.com.au/shop/productdetails/383039/winn-cherries-red-glace,https://assets.woolworths.com.au/images/1005/383039.jpg?impolicy=wowsmkqiema&w=260&h=260,$4.50,$22.50 / 1KG,,, Add to cart , Save to list 
La Molisana Pesto Rosso 190g,https://www.woolworths.com.au/shop/productdetails/185962/la-molisana-pesto-rosso,https://assets.woolworths.com.au/images/1005/185962.jpg?impolicy=wowsmkqiema&w=260&h=260,$4.50,$2.37 / 100G,,, Add to cart , Save to list 
Belladotti Salad Toppers Crispy Onions 90g,https://www.woolworths.com.au/shop/productdetails/167586/belladotti-salad-toppers-crispy-onions,https://assets.woolworths.com.au/images/1005/167586.jpg?impolicy=wowsmkqiema&w=260&h=260,$3.90,$4.33 / 100G,,, Add to cart , Save to list 
La Costena Mexican Style Chipotle In Adobo Sauce 230g,https://www.woolworths.com.au/shop/productdetails/494324/la-costena-mexican-style-chipotle-in-adobo-sauce,https://assets.woolworths.com.au/images/1005/494324.jpg?impolicy=wowsmkqiema&w=260&h=260,$6.50,$2.83 / 100G,,, Add to cart , Save to list 
Betty Crocker Vanilla Cupcake Mix 450g,https://www.woolworths.com.au/shop/productdetails/760480/betty-crocker-vanilla-cupcake-mix,https://assets.woolworths.com.au/images/1005/760480.jpg?impolicy=wowsmkqiema&w=260&h=260,$4.50,$1.00 / 100G,,, Add to cart , Save to list 
"Carman's Roasted Nut, Date & Cinnamon Crispy Deluxe Muesli 400g",https://www.woolworths.com.au/shop/productdetails/292780/carman-s-roasted-nut-date-cinnamon-crispy-deluxe-muesli,https://assets.woolworths.com.au/images/1005/292780.jpg?impolicy=wowsmkqiema&w=260&h=260,$7.50,$1.88 / 100G,,, Add to cart , Save to list 
Map Clean Bean Descaler 250ml,https://www.woolworths.com.au/shop/productdetails/933674/map-clean-bean-descaler,https://assets.woolworths.com.au/images/1005/933674.jpg?impolicy=wowsmkqiema&w=260&h=260,$7.50,$3.00 / 100ML,,, Add to cart , Save to list 
Aeroplane Jelly Lite Mango Passionfruit Low Calorie Jelly Crystals 2x9g,https://www.woolworths.com.au/shop/productdetails/348802/aeroplane-jelly-lite-mango-passionfruit-low-calorie-jelly-crystals,https://assets.woolworths.com.au/images/1005/348802.jpg?impolicy=wowsmkqiema&w=260&h=260,$2.20,$12.22 / 100G,,, Add to cart , Save to list 
Patak's Eggplant Pickle 312g,https://www.woolworths.com.au/shop/productdetails/256933/patak-s-eggplant-pickle,https://assets.woolworths.com.au/images/1005/256933.jpg?impolicy=wowsmkqiema&w=260&h=260,$7.50,$2.40 / 100G,,, Add to cart , Save to list 
Don Antonio Traditional Sauce 500ml,https://www.woolworths.com.au/shop/productdetails/797010/don-antonio-traditional-sauce,https://assets.woolworths.com.au/images/1005/797010.jpg?impolicy=wowsmkqiema&w=260&h=260,$7.00,$1.40 / 100G,,, Add to cart , Save to list 
Twinings Live Well Cleanse Tea Bags 18 Pack,https://www.woolworths.com.au/shop/productdetails/226882/twinings-live-well-cleanse-tea-bags,https://assets.woolworths.com.au/images/1005/226882.jpg?impolicy=wowsmkqiema&w=260&h=260,$7.50,$0.42 / 1EA,,, Add to cart , Save to list 
Monini Organic Extra Virgin Olive Oil 500ml,https://www.woolworths.com.au/shop/productdetails/807200/monini-organic-extra-virgin-olive-oil,https://assets.woolworths.com.au/images/1005/807200.jpg?impolicy=wowsmkqiema&w=260&h=260,$11.00,$2.20 / 100ML,,, Add to cart , Save to list 
Aeroplane Creamy Mousse Mix Chocolate Flavour 65g,https://www.woolworths.com.au/shop/productdetails/661997/aeroplane-creamy-mousse-mix-chocolate-flavour,https://assets.woolworths.com.au/images/1005/661997.jpg?impolicy=wowsmkqiema&w=260&h=260,$2.50,$3.85 / 100G,,, Add to cart , Save to list 
Australian Organic Food Co Fruit Puree Apple & Strawberry 120g,https://www.woolworths.com.au/shop/productdetails/37259/australian-organic-food-co-fruit-puree-apple-strawberry,https://assets.woolworths.com.au/images/1005/37259.jpg?impolicy=wowsmkqiema&w=260&h=260,$2.50,$20.83 / 1KG,,, Add to cart , Save to list 
Green's Pudding Lemon Sponge 260g,https://www.woolworths.com.au/shop/productdetails/246598/green-s-pudding-lemon-sponge,https://assets.woolworths.com.au/images/1005/246598.jpg?impolicy=wowsmkqiema&w=260&h=260,$3.00,$1.15 / 100G,,, Add to cart , Save to list 
Marion's Kitchen San Choy Bow Cooking Kit 342g,https://www.woolworths.com.au/shop/productdetails/99523/marion-s-kitchen-san-choy-bow-cooking-kit,https://assets.woolworths.com.au/images/1005/99523.jpg?impolicy=wowsmkqiema&w=260&h=260,$7.60,$2.22 / 100G,,, Add to cart , Save to list 
Ayam Hoisin Sauce 210ml,https://www.woolworths.com.au/shop/productdetails/87180/ayam-hoisin-sauce,https://assets.woolworths.com.au/images/1005/87180.jpg?impolicy=wowsmkqiema&w=260&h=260,$4.00,$1.90 / 100ML,,, Add to cart , Save to list 
Buderim Ginger Marmalade 365g,https://www.woolworths.com.au/shop/productdetails/249361/buderim-ginger-marmalade,https://assets.woolworths.com.au/images/1005/249361.jpg?impolicy=wowsmkqiema&w=260&h=260,$4.50,$1.23 / 100G,,, Add to cart , Save to list 
Dr. Oetker Ready To Roll Icing White 1kg,https://www.woolworths.com.au/shop/productdetails/450136/dr-oetker-ready-to-roll-icing-white,https://assets.woolworths.com.au/images/1005/450136.jpg?impolicy=wowsmkqiema&w=260&h=260,$8.00,$0.80 / 100G,,, Add to cart , Save to list 
Pandaroo Thai Palm Sugar 220g,https://www.woolworths.com.au/shop/productdetails/772585/pandaroo-thai-palm-sugar,https://assets.woolworths.com.au/images/1005/772585.jpg?impolicy=wowsmkqiema&w=260&h=260,$2.75,$1.25 / 100G,,, Add to cart , Save to list 
Goulburn Valley Peaches In Mango Nectar 700g,https://www.woolworths.com.au/shop/productdetails/784116/goulburn-valley-peaches-in-mango-nectar-sliced-in-mango-nectar,https://assets.woolworths.com.au/images/1005/784116.jpg?impolicy=wowsmkqiema&w=260&h=260,$4.60,$6.57 / 1KG,,, Add to cart , Save to list 
Maggi 2 Minute Instant Wholegrain Noodles Value 12 Pack,https://www.woolworths.com.au/shop/productdetails/520851/maggi-2-minute-instant-wholegrain-noodles-value,https://assets.woolworths.com.au/images/1005/520851.jpg?impolicy=wowsmkqiema&w=260&h=260,$10.00,$1.21 / 100G,,, Add to cart , Save to list 
Macro Organic Adzuki Beans 420g,https://www.woolworths.com.au/shop/productdetails/70432/macro-organic-adzuki-beans,https://assets.woolworths.com.au/images/1005/70432.jpg?impolicy=wowsmkqiema&w=260&h=260,$1.50,$0.36 / 100G,3.9,574, Add to cart , Save to list 
Vittoria Espresso Beans 500g,https://www.woolworths.com.au/shop/productdetails/167556/vittoria-espresso-beans,https://assets.woolworths.com.au/images/1005/167556.jpg?impolicy=wowsmkqiema&w=260&h=260,$20.00,$4.00 / 100G,,, Add to cart , Save to list 
Woolworths Soft & Juicy Pitted Dates 250g,https://www.woolworths.com.au/shop/productdetails/821562/woolworths-soft-juicy-pitted-dates,https://assets.woolworths.com.au/images/1005/821562.jpg?impolicy=wowsmkqiema&w=260&h=260,$4.50,$18.00 / 1KG,4.3,855, Add to cart , Save to list 
Betty Crocker Vanilla Cake Mix 540g,https://www.woolworths.com.au/shop/productdetails/760464/betty-crocker-vanilla-cake-mix,https://assets.woolworths.com.au/images/1005/760464.jpg?impolicy=wowsmkqiema&w=260&h=260,,,,,, Save to list 
Freedom Active Balance Cranberry & Buckwheat Cereal 400g,https://www.woolworths.com.au/shop/productdetails/223889/freedom-active-balance-cranberry-buckwheat-cereal,https://assets.woolworths.com.au/images/1005/223889.jpg?impolicy=wowsmkqiema&w=260&h=260,$4.50,$1.13 / 100G,,, Add to cart , Save to list 
Jordans Low Sugar Granola Strawberry & Seeds 500g,https://www.woolworths.com.au/shop/productdetails/207593/jordans-low-sugar-granola-strawberry-seeds,https://assets.woolworths.com.au/images/1005/207593.jpg?impolicy=wowsmkqiema&w=260&h=260,$4.25,$0.85 / 100G,,, Add to cart , Save to list 
Marion's Kitchen Sticky Chilli Ginger 240ml,https://www.woolworths.com.au/shop/productdetails/81249/marion-s-kitchen-sticky-chilli-ginger,https://assets.woolworths.com.au/images/1005/81249.jpg?impolicy=wowsmkqiema&w=260&h=260,$5.00,$2.08 / 100ML,,, Add to cart , Save to list 
Miso Tasty Red Miso Paste 200g,https://www.woolworths.com.au/shop/productdetails/122037/miso-tasty-red-miso-paste,https://assets.woolworths.com.au/images/1005/122037.jpg?impolicy=wowsmkqiema&w=260&h=260,$4.50,$2.25 / 100G,,, Add to cart , Save to list 
Masterfoods Chicken Alfredo Recipe Base 170g,https://www.woolworths.com.au/shop/productdetails/840616/masterfoods-chicken-alfredo-recipe-base,https://assets.woolworths.com.au/images/1005/840616.jpg?impolicy=wowsmkqiema&w=260&h=260,$2.80,$1.65 / 100G,,, Add to cart , Save to list 
Masterfoods Creamy Herb Garlic Potato Bake 175g,https://www.woolworths.com.au/shop/productdetails/297224/masterfoods-creamy-herb-garlic-potato-bake,https://assets.woolworths.com.au/images/1005/297224.jpg?impolicy=wowsmkqiema&w=260&h=260,$2.80,$1.60 / 100G,,, Add to cart , Save to list 
Mayver's Smunchy Protein Plus Peanut Butter 375g,https://www.woolworths.com.au/shop/productdetails/679375/mayver-s-smunchy-protein-plus-peanut-butter,https://assets.woolworths.com.au/images/1005/679375.jpg?impolicy=wowsmkqiema&w=260&h=260,$6.50,$1.73 / 100G,,, Add to cart , Save to list 
Woolworths Extreme Garlic Aioli 250ml,https://www.woolworths.com.au/shop/productdetails/87916/woolworths-extreme-garlic-aioli,https://assets.woolworths.com.au/images/1005/87916.jpg?impolicy=wowsmkqiema&w=260&h=260,$2.50,$1.00 / 100ML,4.6,36, Add to cart , Save to list 
Gokids Chocolate Oat Milk 200ml,https://www.woolworths.com.au/shop/productdetails/223654/gokids-chocolate-oat-milk,https://assets.woolworths.com.au/images/1005/223654.jpg?impolicy=wowsmkqiema&w=260&h=260,$3.30,$5.50 / 1L,3.4,497, Add to cart , Save to list 
Goulburn Valley Two Fruits In Juice 700g,https://www.woolworths.com.au/shop/productdetails/784113/goulburn-valley-two-fruits-in-juice,https://assets.woolworths.com.au/images/1005/784113.jpg?impolicy=wowsmkqiema&w=260&h=260,$4.60,$6.57 / 1KG,4.0,1, Add to cart , Save to list 
Gravox Mushroom & Garlic Sauce Liquid Pouch 165g,https://www.woolworths.com.au/shop/productdetails/257451/gravox-mushroom-garlic-sauce-liquid-pouch,https://assets.woolworths.com.au/images/1005/257451.jpg?impolicy=wowsmkqiema&w=260&h=260,$3.50,$2.12 / 100G,,, Add to cart , Save to list 
Hikari Japanese Paste White Miso 400g,https://www.woolworths.com.au/shop/productdetails/313546/hikari-japanese-paste-white-miso,https://assets.woolworths.com.au/images/1005/313546.jpg?impolicy=wowsmkqiema&w=260&h=260,$4.30,$1.08 / 100G,,, Add to cart , Save to list 
Uncle Tobys Plus Immune Support Breakfast Cereal 690g,https://www.woolworths.com.au/shop/productdetails/206208/uncle-tobys-plus-immune-support-breakfast-cereal,https://assets.woolworths.com.au/images/1005/206208.jpg?impolicy=wowsmkqiema&w=260&h=260,$8.80,$1.28 / 100G,,, Add to cart , Save to list 
Cobram Estate Light Olive Oil Extra Virgin 375ml,https://www.woolworths.com.au/shop/productdetails/302647/cobram-estate-light-olive-oil-extra-virgin,https://assets.woolworths.com.au/images/1005/302647.jpg?impolicy=wowsmkqiema&w=260&h=260,$8.50,$2.27 / 100ML,,, Add to cart , Save to list 
Bega Peanut Butter Crunchy 470g,https://www.woolworths.com.au/shop/productdetails/98049/bega-peanut-butter-crunchy,https://assets.woolworths.com.au/images/1005/98049.jpg?impolicy=wowsmkqiema&w=260&h=260,$6.40,$1.36 / 100G,,, Add to cart , Save to list 
Hart & Soul All Natural Supergrain Satay Chicken 250g,https://www.woolworths.com.au/shop/productdetails/86692/hart-soul-all-natural-supergrain-satay-chicken,https://assets.woolworths.com.au/images/1005/86692.jpg?impolicy=wowsmkqiema&w=260&h=260,$5.50,$2.20 / 100G,,, Add to cart , Save to list 
Maggi Mince Chow Mein Recipe Base 32g,https://www.woolworths.com.au/shop/productdetails/446487/maggi-mince-chow-mein-recipe-base,https://assets.woolworths.com.au/images/1005/446487.jpg?impolicy=wowsmkqiema&w=260&h=260,$1.75,$5.47 / 100G,,, Add to cart , Save to list 
Capilano 100% Pure Australian Honey Squeeze 1kg,https://www.woolworths.com.au/shop/productdetails/341817/capilano-100-pure-australian-honey-squeeze,https://assets.woolworths.com.au/images/1005/341817.jpg?impolicy=wowsmkqiema&w=260&h=260,$14.50,$1.45 / 100G,,, Add to cart , Save to list 
Hart & Soul Moroccan Couscous 150g,https://www.woolworths.com.au/shop/productdetails/98980/hart-soul-moroccan-couscous,https://assets.woolworths.com.au/images/1005/98980.jpg?impolicy=wowsmkqiema&w=260&h=260,$3.80,$2.53 / 100G,,, Add to cart , Save to list 
Queen Finest Rose Natural Extract Intense Flavour 50ml,https://www.woolworths.com.au/shop/productdetails/189148/queen-finest-rose-natural-extract-intense-flavour,https://assets.woolworths.com.au/images/1005/189148.jpg?impolicy=wowsmkqiema&w=260&h=260,$2.50,$0.50 / 10ML,,, Add to cart , Save to list 
Spc Fruit Powerz Apple & Strawberry Puree Pouches 90g X 4 Pack,https://www.woolworths.com.au/shop/productdetails/233024/spc-fruit-powerz-apple-strawberry-puree-pouches,https://assets.woolworths.com.au/images/1005/233024.jpg?impolicy=wowsmkqiema&w=260&h=260,$5.00,$13.89 / 1KG,,, Add to cart , Save to list 
Three Threes Australian Gherkins Sweet Sliced 400g,https://www.woolworths.com.au/shop/productdetails/172303/three-threes-australian-gherkins-sweet-sliced,https://assets.woolworths.com.au/images/1005/172303.jpg?impolicy=wowsmkqiema&w=260&h=260,$4.00,$1.00 / 100G,,, Add to cart , Save to list 
Carman's Gourmet Porridge Sachets Apple Sultana & Cinnamon 8x320g,https://www.woolworths.com.au/shop/productdetails/608601/carman-s-gourmet-porridge-sachets-apple-sultana-cinnamon,https://assets.woolworths.com.au/images/1005/608601.jpg?impolicy=wowsmkqiema&w=260&h=260,$6.50,$2.03 / 100G,,, Add to cart , Save to list 
Woolworths Dragonfruit Chunks In Syrup 410g,https://www.woolworths.com.au/shop/productdetails/134878/woolworths-dragonfruit-chunks-in-syrup,https://assets.woolworths.com.au/images/1005/134878.jpg?impolicy=wowsmkqiema&w=260&h=260,$2.80,$6.83 / 1KG,2.3,559, Add to cart , Save to list 
Barkers Classic Chocolate Sauce 365g,https://www.woolworths.com.au/shop/productdetails/178465/barker-s-classic-chocolate-sauce,https://assets.woolworths.com.au/images/1005/178465.jpg?impolicy=wowsmkqiema&w=260&h=260,$3.80,$1.04 / 100G,,, Add to cart , Save to list 
Carman's Protein Rich Almond & Hazelnut Granola 450g,https://www.woolworths.com.au/shop/productdetails/208900/carman-s-protein-rich-almond-hazelnut-granola,https://assets.woolworths.com.au/images/1005/208900.jpg?impolicy=wowsmkqiema&w=260&h=260,$6.90,$1.53 / 100G,,, Add to cart , Save to list 
Coco Earth Satay Chicken With Jasmine Rice 400g,https://www.woolworths.com.au/shop/productdetails/95549/coco-earth-satay-chicken-with-jasmine-rice,https://assets.woolworths.com.au/images/1005/95549.jpg?impolicy=wowsmkqiema&w=260&h=260,$6.00,$1.50 / 100G,,, Add to cart , Save to list 
Dr. Oetker Gelatine Powder 36g,https://www.woolworths.com.au/shop/productdetails/449918/dr-oetker-gelatine-powder,https://assets.woolworths.com.au/images/1005/449918.jpg?impolicy=wowsmkqiema&w=260&h=260,$2.45,$6.81 / 100G,,, Add to cart , Save to list 
Fowlers Baking Aids Vacola Jamsetta 50g,https://www.woolworths.com.au/shop/productdetails/30309/fowlers-baking-aids-vacola-jamsetta,https://assets.woolworths.com.au/images/1005/30309.jpg?impolicy=wowsmkqiema&w=260&h=260,$1.85,$3.70 / 100G,,, Add to cart , Save to list 
Betty Crocker Chocolate Frosting 400g,https://www.woolworths.com.au/shop/productdetails/680956/betty-crocker-chocolate-frosting,https://assets.woolworths.com.au/images/1005/680956.jpg?impolicy=wowsmkqiema&w=260&h=260,$4.50,$1.13 / 100G,,, Add to cart , Save to list 
Hoyts Chilli Dried Crushed 100g,https://www.woolworths.com.au/shop/productdetails/210624/hoyts-chilli-dried-crushed,https://assets.woolworths.com.au/images/1005/210624.jpg?impolicy=wowsmkqiema&w=260&h=260,$5.50,$0.55 / 10G,,, Add to cart , Save to list 
Woolworths Microwave Quick Pasta Spiral 300g,https://www.woolworths.com.au/shop/productdetails/73875/woolworths-microwave-quick-pasta-spiral,https://assets.woolworths.com.au/images/1005/73875.jpg?impolicy=wowsmkqiema&w=260&h=260,$2.50,$0.83 / 100G,3.1,855, Add to cart , Save to list 
Lavazza Espresso Classico Nespresso Compatible Coffee Capsules 10 Pack,https://www.woolworths.com.au/shop/productdetails/222482/lavazza-espresso-classico-nespresso-compatible-coffee-capsules,https://assets.woolworths.com.au/images/1005/222482.jpg?impolicy=wowsmkqiema&w=260&h=260,$6.90,$0.69 / 1EA,,, Add to cart , Save to list 
Maggi Butter Chicken Recipe Base 27g,https://www.woolworths.com.au/shop/productdetails/446485/maggi-butter-chicken-recipe-base,https://assets.woolworths.com.au/images/1005/446485.jpg?impolicy=wowsmkqiema&w=260&h=260,$1.75,$6.48 / 100G,,, Add to cart , Save to list 
Mogu Mogu Drink Mango 320ml,https://www.woolworths.com.au/shop/productdetails/829195/mogu-mogu-drink-mango,https://assets.woolworths.com.au/images/1005/829195.jpg?impolicy=wowsmkqiema&w=260&h=260,,,,,, Save to list 
Dole Pineapple Crushed In Juice 227g,https://www.woolworths.com.au/shop/productdetails/264004/dole-pineapple-crushed-in-juice,https://assets.woolworths.com.au/images/1005/264004.jpg?impolicy=wowsmkqiema&w=260&h=260,$2.10,$9.25 / 1KG,,, Add to cart , Save to list 
Gravox Traditional Salt Reduced Gravy Mix Tin 120g,https://www.woolworths.com.au/shop/productdetails/757519/gravox-traditional-salt-reduced-gravy-mix-tin,https://assets.woolworths.com.au/images/1005/757519.jpg?impolicy=wowsmkqiema&w=260&h=260,$5.00,$0.42 / 10G,,, Add to cart , Save to list 
White Wings Vanilla Bean Custard Mix 250g,https://www.woolworths.com.au/shop/productdetails/141030/white-wings-vanilla-bean-custard-mix,https://assets.woolworths.com.au/images/1005/141030.jpg?impolicy=wowsmkqiema&w=260&h=260,$3.00,$1.20 / 100G,,, Add to cart , Save to list 
L'or Espresso Supremo Coffee Capsules 20 Pack,https://www.woolworths.com.au/shop/productdetails/92327/l-or-espresso-supremo-coffee-capsules,https://assets.woolworths.com.au/images/1005/92327.jpg?impolicy=wowsmkqiema&w=260&h=260,$13.00,$0.65 / 1EA,,, Add to cart , Save to list 
Masterfoods Mixed Spice 30g,https://www.woolworths.com.au/shop/productdetails/35053/masterfoods-mixed-spice,https://assets.woolworths.com.au/images/1005/35053.jpg?impolicy=wowsmkqiema&w=260&h=260,$2.70,$0.90 / 10G,,, Add to cart , Save to list 
Otafuku Yakisoba Sauce 300ml,https://www.woolworths.com.au/shop/productdetails/803494/otafuku-yakisoba-sauce,https://assets.woolworths.com.au/images/1005/803494.jpg?impolicy=wowsmkqiema&w=260&h=260,$6.50,$2.17 / 100ML,,, Add to cart , Save to list 
Gravox Cheese Sauce Mix Tin 120g,https://www.woolworths.com.au/shop/productdetails/13509/gravox-cheese-sauce-mix-tin-mix-mild-and-creamy,https://assets.woolworths.com.au/images/1005/13509.jpg?impolicy=wowsmkqiema&w=260&h=260,$5.00,$0.42 / 10G,,, Add to cart , Save to list 
Moccona Freeze Dried Instant Coffee Espresso Style 200g,https://www.woolworths.com.au/shop/productdetails/341166/moccona-freeze-dried-instant-coffee-espresso-style,https://assets.woolworths.com.au/images/1005/341166.jpg?impolicy=wowsmkqiema&w=260&h=260,$12.50,$6.25 / 100G,5.0,1, Add to cart , Save to list 
Moccona Freeze Dried Instant Coffee Mocha Kenya Style 200g,https://www.woolworths.com.au/shop/productdetails/341164/moccona-freeze-dried-instant-coffee-mocha-kenya-style,https://assets.woolworths.com.au/images/1005/341164.jpg?impolicy=wowsmkqiema&w=260&h=260,$12.50,$6.25 / 100G,,, Add to cart , Save to list 
Nescafe Dolce Gusto Ristretto Ardenza Coffee Pods 16 Pack,https://www.woolworths.com.au/shop/productdetails/926541/nescafe-dolce-gusto-ristretto-ardenza-coffee-pods,https://assets.woolworths.com.au/images/1005/926541.jpg?impolicy=wowsmkqiema&w=260&h=260,$10.00,$0.63 / 1EA,,, Add to cart , Save to list 
Ayam Panang Curry Paste Panang Curry 195g,https://www.woolworths.com.au/shop/productdetails/702496/ayam-panang-curry-paste-panang-curry,https://assets.woolworths.com.au/images/1005/702496.jpg?impolicy=wowsmkqiema&w=260&h=260,$4.00,$2.05 / 100G,,, Add to cart , Save to list 
French's Classic Yellow American Mustard 226g,https://www.woolworths.com.au/shop/productdetails/96145/french-s-classic-yellow-american-mustard,https://assets.woolworths.com.au/images/1005/96145.jpg?impolicy=wowsmkqiema&w=260&h=260,$3.50,$1.55 / 100G,,, Add to cart , Save to list 
Hoyts Poppy Seed 240g,https://www.woolworths.com.au/shop/productdetails/210623/hoyts-poppy-seed,https://assets.woolworths.com.au/images/1005/210623.jpg?impolicy=wowsmkqiema&w=260&h=260,$5.00,$0.21 / 10G,,, Add to cart , Save to list 
Nescafe Blend 43 Espresso 500g,https://www.woolworths.com.au/shop/productdetails/114380/nescafe-blend-43-espresso,https://assets.woolworths.com.au/images/1005/114380.jpg?impolicy=wowsmkqiema&w=260&h=260,$17.00,$3.40 / 100G,,, Add to cart , Save to list 
Nescafe Blend 43 Smooth & Creamy Instant Coffee 140g,https://www.woolworths.com.au/shop/productdetails/800325/nescafe-blend-43-smooth-creamy-instant-coffee,https://assets.woolworths.com.au/images/1005/800325.jpg?impolicy=wowsmkqiema&w=260&h=260,$11.50,$8.21 / 100G,5.0,1, Add to cart , Save to list 
Kialla Pure Organic Classic Sourdough Mix 450g,https://www.woolworths.com.au/shop/productdetails/205506/kialla-pure-organic-classic-sourdough-mix,https://assets.woolworths.com.au/images/1005/205506.jpg?impolicy=wowsmkqiema&w=260&h=260,,,,,, Save to list 
Well & Good Crusty Bread Mix 410g,https://www.woolworths.com.au/shop/productdetails/141860/well-good-crusty-bread-mix,https://assets.woolworths.com.au/images/1005/141860.jpg?impolicy=wowsmkqiema&w=260&h=260,$3.60,$0.88 / 100G,,, Add to cart , Save to list 
Masterfoods Oregano Leaves 18g,https://www.woolworths.com.au/shop/productdetails/94484/masterfoods-oregano-leaves,https://assets.woolworths.com.au/images/1005/94484.jpg?impolicy=wowsmkqiema&w=260&h=260,$5.50,$3.06 / 10G,,, Add to cart , Save to list 
Woolworths Cappuccino Coffee Sachets 10 Pack,https://www.woolworths.com.au/shop/productdetails/319550/woolworths-cappuccino-coffee-sachets,https://assets.woolworths.com.au/images/1005/319550.jpg?impolicy=wowsmkqiema&w=260&h=260,$3.25,$0.33 / 1EA,3.5,223, Add to cart , Save to list 
Masterfoods Cinnamon Sugar 55g,https://www.woolworths.com.au/shop/productdetails/35941/masterfoods-cinnamon-sugar,https://assets.woolworths.com.au/images/1005/35941.jpg?impolicy=wowsmkqiema&w=260&h=260,$1.90,$0.35 / 10G,,, Add to cart , Save to list 
Bega Simply Nuts Smooth Natural Peanut Butter 650g,https://www.woolworths.com.au/shop/productdetails/97580/bega-simply-nuts-smooth-natural-peanut-butter,https://assets.woolworths.com.au/images/1005/97580.jpg?impolicy=wowsmkqiema&w=260&h=260,$8.50,$1.31 / 100G,5.0,1, Add to cart , Save to list 
Bonne Maman Conserve Blackberry 370g,https://www.woolworths.com.au/shop/productdetails/582094/bonne-maman-conserve-blackberry,https://assets.woolworths.com.au/images/1005/582094.jpg?impolicy=wowsmkqiema&w=260&h=260,$5.50,$1.49 / 100G,,, Add to cart , Save to list 
Noya Cashew Nut Butter 250g,https://www.woolworths.com.au/shop/productdetails/96906/noya-cashew-nut-butter,https://assets.woolworths.com.au/images/1005/96906.jpg?impolicy=wowsmkqiema&w=260&h=260,$7.20,$2.88 / 100G,,, Add to cart , Save to list 
Passage To India Simmer Sauce Rogan Josh 375g,https://www.woolworths.com.au/shop/productdetails/186117/passage-to-india-simmer-sauce-rogan-josh,https://assets.woolworths.com.au/images/1005/186117.jpg?impolicy=wowsmkqiema&w=260&h=260,$3.99,$1.06 / 100G,,, Add to cart , Save to list 
Woolworths Chipotle Mayonnaise 250ml,https://www.woolworths.com.au/shop/productdetails/87913/woolworths-chipotle-mayonnaise,https://assets.woolworths.com.au/images/1005/87913.jpg?impolicy=wowsmkqiema&w=260&h=260,$2.50,$1.00 / 100ML,,, Add to cart , Save to list 
Carbonell Extra Virgin Olive Oil 3l,https://www.woolworths.com.au/shop/productdetails/68326/carbonell-extra-virgin-olive-oil,https://assets.woolworths.com.au/images/1005/68326.jpg?impolicy=wowsmkqiema&w=260&h=260,$29.00,$0.97 / 100ML,4.6,355, Add to cart , Save to list 
Always Fresh Marinated Artichoke Hearts 230g,https://www.woolworths.com.au/shop/productdetails/464637/always-fresh-marinated-artichoke-hearts,https://assets.woolworths.com.au/images/1005/464637.jpg?impolicy=wowsmkqiema&w=260&h=260,$3.50,$15.22 / 1KG,,, Add to cart , Save to list 
Dole Fruit Mix In Juice 432g,https://www.woolworths.com.au/shop/productdetails/354718/dole-fruit-mix-in-juice,https://assets.woolworths.com.au/images/1005/354718.jpg?impolicy=wowsmkqiema&w=260&h=260,$2.80,$6.48 / 1KG,,, Add to cart , Save to list 
La Costena Refried Pinto Beans 400g,https://www.woolworths.com.au/shop/productdetails/842157/la-costena-refried-pinto-beans,https://assets.woolworths.com.au/images/1005/842157.jpg?impolicy=wowsmkqiema&w=260&h=260,$3.50,$0.88 / 100G,,, Add to cart , Save to list 
Leggos Eat Well Bolognese Pasta Sauce 500g,https://www.woolworths.com.au/shop/productdetails/224670/leggos-eat-well-bolognese-pasta-sauce,https://assets.woolworths.com.au/images/1005/224670.jpg?impolicy=wowsmkqiema&w=260&h=260,$5.00,$1.00 / 100G,,, Add to cart , Save to list 
Mckenzie's Vegan Egg Replacer 70g,https://www.woolworths.com.au/shop/productdetails/143255/mckenzie-s-vegan-egg-replacer,https://assets.woolworths.com.au/images/1005/143255.jpg?impolicy=wowsmkqiema&w=260&h=260,$3.25,$4.64 / 100G,,, Add to cart , Save to list 
Hubbards Cocoa & Coconut Toasted Granola 450g,https://www.woolworths.com.au/shop/productdetails/148981/hubbards-cocoa-coconut-toasted-granola,https://assets.woolworths.com.au/images/1005/148981.jpg?impolicy=wowsmkqiema&w=260&h=260,$5.00,$1.11 / 100G,,, Add to cart , Save to list 
Woolworths Sriracha Mayonnaise 250ml,https://www.woolworths.com.au/shop/productdetails/87831/woolworths-sriracha-mayonnaise,https://assets.woolworths.com.au/images/1005/87831.jpg?impolicy=wowsmkqiema&w=260&h=260,$2.50,$1.00 / 100ML,4.6,18, Add to cart , Save to list 
Ayam Oyster Sauce 210ml,https://www.woolworths.com.au/shop/productdetails/87179/ayam-oyster-sauce,https://assets.woolworths.com.au/images/1005/87179.jpg?impolicy=wowsmkqiema&w=260&h=260,$4.00,$1.90 / 100ML,,, Add to cart , Save to list 
Green's Cake Mix Traditional Carrot 470g,https://www.woolworths.com.au/shop/productdetails/67291/green-s-cake-mix-traditional-carrot,https://assets.woolworths.com.au/images/1005/67291.jpg?impolicy=wowsmkqiema&w=260&h=260,$3.00,$0.64 / 100G,,, Add to cart , Save to list 
Kellogg's Sultana Bran Buds Fibre Breakfast Cereal 450g,https://www.woolworths.com.au/shop/productdetails/766541/kelloggs-sultana-bran-buds-fibre-breakfast-cereal,https://assets.woolworths.com.au/images/1005/766541.jpg?impolicy=wowsmkqiema&w=260&h=260,$7.50,$1.67 / 100G,,, Add to cart , Save to list 
Masterfoods Garlic Granules 155g,https://www.woolworths.com.au/shop/productdetails/35203/masterfoods-garlic-granules,https://assets.woolworths.com.au/images/1005/35203.jpg?impolicy=wowsmkqiema&w=260&h=260,$6.50,$0.42 / 10G,,, Add to cart , Save to list 
Be Natural Breakfast Cereal With 5 Whole Grain Flakes 325g,https://www.woolworths.com.au/shop/productdetails/701701/be-natural-breakfast-cereal-with-5-whole-grain-flakes,https://assets.woolworths.com.au/images/1005/701701.jpg?impolicy=wowsmkqiema&w=260&h=260,$3.50,$1.08 / 100G,,, Add to cart , Save to list 
F. Whitlock & Sons Korean Bbq Style Marinade 400ml,https://www.woolworths.com.au/shop/productdetails/169367/f-whitlock-sons-korean-bbq-style-marinade,https://assets.woolworths.com.au/images/1005/169367.jpg?impolicy=wowsmkqiema&w=260&h=260,$5.50,$1.38 / 100ML,,, Add to cart , Save to list 
Gourmet Garden Paste Coriander 80g,https://www.woolworths.com.au/shop/productdetails/948509/gourmet-garden-paste-coriander,https://assets.woolworths.com.au/images/1005/948509.jpg?impolicy=wowsmkqiema&w=260&h=260,$4.00,$0.50 / 10G,,, Add to cart , Save to list 
Always Fresh Kalamata Olives Sliced 220g,https://www.woolworths.com.au/shop/productdetails/465079/always-fresh-kalamata-olives-sliced,https://assets.woolworths.com.au/images/1005/465079.jpg?impolicy=wowsmkqiema&w=260&h=260,$5.00,$22.73 / 1KG,,, Add to cart , Save to list 
Nestle Bakers Choice Cocoa 190g,https://www.woolworths.com.au/shop/productdetails/755111/nestle-bakers-choice-cocoa,https://assets.woolworths.com.au/images/1005/755111.jpg?impolicy=wowsmkqiema&w=260&h=260,$5.00,$2.63 / 100G,,, Add to cart , Save to list 
Old El Paso Gluten Free Jumbo Tortillas 215g,https://www.woolworths.com.au/shop/productdetails/230870/old-el-paso-gluten-free-jumbo-tortillas,https://assets.woolworths.com.au/images/1005/230870.jpg?impolicy=wowsmkqiema&w=260&h=260,$5.00,$2.33 / 100G,,, Add to cart , Save to list 
Australian Organic Food Co Fruit Puree Apple Plum Apricot & Peach 120g,https://www.woolworths.com.au/shop/productdetails/37281/australian-organic-food-co-fruit-puree-apple-plum-apricot-peach,https://assets.woolworths.com.au/images/1005/37281.jpg?impolicy=wowsmkqiema&w=260&h=260,$2.50,$20.83 / 1KG,,, Add to cart , Save to list 
Australian Organic Food Co Fruit Puree Pear Peach Nectarine 120g,https://www.woolworths.com.au/shop/productdetails/37941/australian-organic-food-co-fruit-puree-pear-peach-nectarine,https://assets.woolworths.com.au/images/1005/37941.jpg?impolicy=wowsmkqiema&w=260&h=260,$2.50,$20.83 / 1KG,,, Add to cart , Save to list 
Praise Creamy Parmesan & Roasted Garlic Dressing 250ml,https://www.woolworths.com.au/shop/productdetails/234205/praise-creamy-parmesan-roasted-garlic-dressing,https://assets.woolworths.com.au/images/1005/234205.jpg?impolicy=wowsmkqiema&w=260&h=260,$3.80,$1.52 / 100ML,,, Add to cart , Save to list 
Nescafe Coffee Sachets 98% Sugar Free Mocha 10 Pack,https://www.woolworths.com.au/shop/productdetails/115794/nescafe-coffee-sachets-98-sugar-free-mocha,https://assets.woolworths.com.au/images/1005/115794.jpg?impolicy=wowsmkqiema&w=260&h=260,$7.60,$0.76 / 1EA,,, Add to cart , Save to list 
Sushi Nori Roasted Seaweed 50 Sheets 125g,https://www.woolworths.com.au/shop/productdetails/1074032653/sushi-nori-roasted-seaweed-50-sheets-125g,https://assets.woolworths.com.au/images/1005/1074032653.jpg?impolicy=wowsmkqiema&w=260&h=260,$44.79,,,, Add to cart , Save to list 
Nestle Milo Breakfast Cereal 350g,https://www.woolworths.com.au/shop/productdetails/197921/nestle-milo-breakfast-cereal,https://assets.woolworths.com.au/images/1005/197921.jpg?impolicy=wowsmkqiema&w=260&h=260,$6.50,$1.86 / 100G,,, Add to cart , Save to list 
Obap Kimchi Paste 180g,https://www.woolworths.com.au/shop/productdetails/862882/obap-kimchi-paste,https://assets.woolworths.com.au/images/1005/862882.jpg?impolicy=wowsmkqiema&w=260&h=260,$4.75,$2.64 / 100G,,, Add to cart , Save to list 
The Food Company Garlic Chilli Thai Basil 240g,https://www.woolworths.com.au/shop/productdetails/716225/the-food-company-garlic-chilli-thai-basil,https://assets.woolworths.com.au/images/1005/716225.jpg?impolicy=wowsmkqiema&w=260&h=260,$4.00,$0.17 / 10G,,, Add to cart , Save to list 
Three Threes Onions Pickled Old Style 500g,https://www.woolworths.com.au/shop/productdetails/47554/three-threes-onions-pickled-old-style,https://assets.woolworths.com.au/images/1005/47554.jpg?impolicy=wowsmkqiema&w=260&h=260,$5.10,$10.20 / 1KG,,, Add to cart , Save to list 
Carman's 5 Grain & Seed Granola Pink Lady Apple & Blueberry 450g,https://www.woolworths.com.au/shop/productdetails/867026/carman-s-5-grain-seed-granola-pink-lady-apple-blueberry,https://assets.woolworths.com.au/images/1005/867026.jpg?impolicy=wowsmkqiema&w=260&h=260,$6.90,$1.53 / 100G,,, Add to cart , Save to list 
Masterfoods Paprika 115g,https://www.woolworths.com.au/shop/productdetails/94485/masterfoods-paprika,https://assets.woolworths.com.au/images/1005/94485.jpg?impolicy=wowsmkqiema&w=260&h=260,$6.80,$0.59 / 10G,,, Add to cart , Save to list 
Angas Park Apricots Snack Packs 5pk,https://www.woolworths.com.au/shop/productdetails/248385/angas-park-apricots-snack-packs,https://assets.woolworths.com.au/images/1005/248385.jpg?impolicy=wowsmkqiema&w=260&h=260,$6.00,$48.00 / 1KG,,, Add to cart , Save to list 
Dr Pepper Cola Drinks 330ml,https://www.woolworths.com.au/shop/productdetails/741134/dr-pepper-cola-drinks,https://assets.woolworths.com.au/images/1005/741134.jpg?impolicy=wowsmkqiema&w=260&h=260,$3.10,$9.39 / 1L,,, Add to cart , Save to list 
Gourmet Garden Lightly Dried Chives 4g,https://www.woolworths.com.au/shop/productdetails/555398/gourmet-garden-lightly-dried-chives,https://assets.woolworths.com.au/images/1005/555398.jpg?impolicy=wowsmkqiema&w=260&h=260,$4.00,$10.00 / 10G,,, Add to cart , Save to list 
Campos Superior Aluminium Coffee Capsules 10 Pack,https://www.woolworths.com.au/shop/productdetails/222736/campos-superior-aluminium-coffee-capsules,https://assets.woolworths.com.au/images/1005/222736.jpg?impolicy=wowsmkqiema&w=260&h=260,$9.50,$0.95 / 1EA,,, Add to cart , Save to list 
Masterfoods Mexican Style Spice Blend 20g,https://www.woolworths.com.au/shop/productdetails/168885/masterfoods-mexican-style-spice-blend,https://assets.woolworths.com.au/images/1005/168885.jpg?impolicy=wowsmkqiema&w=260&h=260,$2.50,$1.25 / 10G,,, Add to cart , Save to list 
Woolworths Australian Lemon Juice 250ml,https://www.woolworths.com.au/shop/productdetails/214763/woolworths-australian-lemon-juice,https://assets.woolworths.com.au/images/1005/214763.jpg?impolicy=wowsmkqiema&w=260&h=260,$3.75,$1.50 / 100ML,,, Add to cart , Save to list 
Birch & Waite Sichuan Style Stir Fry Sauce 200g,https://www.woolworths.com.au/shop/productdetails/239030/birch-waite-sichuan-style-stir-fry-sauce,https://assets.woolworths.com.au/images/1005/239030.jpg?impolicy=wowsmkqiema&w=260&h=260,$6.50,$3.25 / 100G,,, Add to cart , Save to list 
Mr Chen's Udon Noodles 270g,https://www.woolworths.com.au/shop/productdetails/234436/mr-chen-s-udon-noodles,https://assets.woolworths.com.au/images/1005/234436.jpg?impolicy=wowsmkqiema&w=260&h=260,,,,,, Save to list 
Ocean Spray Craisins Dried Cranberries 170g,https://www.woolworths.com.au/shop/productdetails/95093/ocean-spray-craisins-dried-cranberries,https://assets.woolworths.com.au/images/1005/95093.jpg?impolicy=wowsmkqiema&w=260&h=260,$4.00,$23.53 / 1KG,,, Add to cart , Save to list 
Macro Cashew Kernels 250g,https://www.woolworths.com.au/shop/productdetails/231812/macro-cashew-kernels,https://assets.woolworths.com.au/images/1005/231812.jpg?impolicy=wowsmkqiema&w=260&h=260,$6.30,$25.20 / 1KG,4.5,361, Add to cart , Save to list 
Mckenzie's Almond Flour 300g,https://www.woolworths.com.au/shop/productdetails/142421/mckenzie-s-almond-flour,https://assets.woolworths.com.au/images/1005/142421.jpg?impolicy=wowsmkqiema&w=260&h=260,$10.00,$3.33 / 100G,,, Add to cart , Save to list 
Sharwood's Mango & Ginger Chutney 354g,https://www.woolworths.com.au/shop/productdetails/41836/sharwood-s-mango-ginger-chutney,https://assets.woolworths.com.au/images/1005/41836.jpg?impolicy=wowsmkqiema&w=260&h=260,$8.00,$2.26 / 100G,,, Add to cart , Save to list 
Ayam Coconut Milk Powder 150g,https://www.woolworths.com.au/shop/productdetails/308611/ayam-coconut-milk-powder,https://assets.woolworths.com.au/images/1005/308611.jpg?impolicy=wowsmkqiema&w=260&h=260,$4.00,$2.67 / 100G,,, Add to cart , Save to list 
Macro Dry Roasted Cashews Nuts 250g,https://www.woolworths.com.au/shop/productdetails/334868/macro-dry-roasted-cashews-nuts,https://assets.woolworths.com.au/images/1005/334868.jpg?impolicy=wowsmkqiema&w=260&h=260,$8.00,$32.00 / 1KG,4.7,328, Add to cart , Save to list 
Nature Nate's 100% Pure Australian Raw & Unfiltered Honey 500g,https://www.woolworths.com.au/shop/productdetails/99801/nature-nate-s-100-pure-australian-raw-unfiltered-honey,https://assets.woolworths.com.au/images/1005/99801.jpg?impolicy=wowsmkqiema&w=260&h=260,$9.00,$1.80 / 100G,,, Add to cart , Save to list 
Ainsley Harriot Cous Cous Moroccan Medley 100g,https://www.woolworths.com.au/shop/productdetails/342669/ainsley-harriot-cous-cous-moroccan-medley,https://assets.woolworths.com.au/images/1005/342669.jpg?impolicy=wowsmkqiema&w=260&h=260,$2.60,$2.60 / 100G,,, Add to cart , Save to list 
Hoyts Garlic Granules 40g,https://www.woolworths.com.au/shop/productdetails/70288/hoyts-garlic-granules,https://assets.woolworths.com.au/images/1005/70288.jpg?impolicy=wowsmkqiema&w=260&h=260,$2.20,$0.55 / 10G,,, Add to cart , Save to list 
Moccona Freeze Dried Instant Coffee Classic Medium Roast 100g,https://www.woolworths.com.au/shop/productdetails/38078/moccona-freeze-dried-instant-coffee-classic-medium-roast,https://assets.woolworths.com.au/images/1005/38078.jpg?impolicy=wowsmkqiema&w=260&h=260,$11.50,$11.50 / 100G,,, Add to cart , Save to list 
Woolworths Cashews Dry Roasted 150g,https://www.woolworths.com.au/shop/productdetails/727598/woolworths-cashews-dry-roasted,https://assets.woolworths.com.au/images/1005/727598.jpg?impolicy=wowsmkqiema&w=260&h=260,$5.00,$33.33 / 1KG,4.6,559, Add to cart , Save to list 
Fodmapped For You Teriyaki Stir Fry Simmer Sauce 200g,https://www.woolworths.com.au/shop/productdetails/219559/fodmapped-for-you-teriyaki-stir-fry-simmer-sauce,https://assets.woolworths.com.au/images/1005/219559.jpg?impolicy=wowsmkqiema&w=260&h=260,$5.90,$2.95 / 100G,,, Add to cart , Save to list 
Hart & Soul All Natural Panang Curry Recipe Base 80g,https://www.woolworths.com.au/shop/productdetails/84043/hart-soul-all-natural-panang-curry-recipe-base,https://assets.woolworths.com.au/images/1005/84043.jpg?impolicy=wowsmkqiema&w=260&h=260,$2.50,$0.31 / 10G,,, Add to cart , Save to list 
Hot Kids Rice Snacks Want Want 500g,https://www.woolworths.com.au/shop/productdetails/830267/hot-kids-rice-snacks-want-want,https://assets.woolworths.com.au/images/1005/830267.jpg?impolicy=wowsmkqiema&w=260&h=260,$6.30,$1.26 / 100G,,, Add to cart , Save to list 
Angas Park Apricot Diced 200g,https://www.woolworths.com.au/shop/productdetails/76083/angas-park-apricot-diced,https://assets.woolworths.com.au/images/1005/76083.jpg?impolicy=wowsmkqiema&w=260&h=260,$6.00,$30.00 / 1KG,,, Add to cart , Save to list 
Bega Simply Nuts Crunchiest Peanut Butter 325g,https://www.woolworths.com.au/shop/productdetails/60611/bega-simply-nuts-crunchiest-peanut-butter,https://assets.woolworths.com.au/images/1005/60611.jpg?impolicy=wowsmkqiema&w=260&h=260,$5.50,$1.69 / 100G,,, Add to cart , Save to list 
Kellogg's Guardian Psyllium Breakfast Cereal 360g,https://www.woolworths.com.au/shop/productdetails/701733/kelloggs-guardian-psyllium-breakfast-cereal,https://assets.woolworths.com.au/images/1005/701733.jpg?impolicy=wowsmkqiema&w=260&h=260,$5.60,$1.56 / 100G,,, Add to cart , Save to list 
Spc Young Green Jackfruit Pieces In Water 410g,https://www.woolworths.com.au/shop/productdetails/94217/spc-young-green-jackfruit-pieces-in-water,https://assets.woolworths.com.au/images/1005/94217.jpg?impolicy=wowsmkqiema&w=260&h=260,$3.50,$0.85 / 100G,,, Add to cart , Save to list 
Sirena Fried Rice With Chicken 190g,https://www.woolworths.com.au/shop/productdetails/217601/sirena-fried-rice-with-chicken,https://assets.woolworths.com.au/images/1005/217601.jpg?impolicy=wowsmkqiema&w=260&h=260,$3.30,$1.74 / 100G,,, Add to cart , Save to list 
Aeroplane Jelly Lite Orange Mango 2x9g,https://www.woolworths.com.au/shop/productdetails/5678/aeroplane-jelly-lite-orange-mango,https://assets.woolworths.com.au/images/1005/5678.jpg?impolicy=wowsmkqiema&w=260&h=260,$2.20,$12.22 / 100G,,, Add to cart , Save to list 
Hart & Soul Thai Basil Stir Fry Recipe Base 80g,https://www.woolworths.com.au/shop/productdetails/209277/hart-soul-thai-basil-stir-fry-recipe-base,https://assets.woolworths.com.au/images/1005/209277.jpg?impolicy=wowsmkqiema&w=260&h=260,$2.50,$0.31 / 10G,,, Add to cart , Save to list 
Sweet Baby Ray's Sweet N Spicy Bbq Sauce 425ml,https://www.woolworths.com.au/shop/productdetails/60474/sweet-baby-ray-s-sweet-n-spicy-bbq-sauce,https://assets.woolworths.com.au/images/1005/60474.jpg?impolicy=wowsmkqiema&w=260&h=260,$7.20,$1.69 / 100ML,,, Add to cart , Save to list 
Woolworths Curry Leaf Fresh Herb 5g Punnet,https://www.woolworths.com.au/shop/productdetails/707361/woolworths-curry-leaf-fresh-herb,https://assets.woolworths.com.au/images/1005/707361.jpg?impolicy=wowsmkqiema&w=260&h=260,,,,,, Save to list 
Made With Kombucha Sweet Onion Relish 275g,https://www.woolworths.com.au/shop/productdetails/171631/made-with-kombucha-sweet-onion-relish,https://assets.woolworths.com.au/images/1005/171631.jpg?impolicy=wowsmkqiema&w=260&h=260,$4.50,$1.64 / 100G,,, Add to cart , Save to list 
Nescafe Dolce Gusto Americano Rich Aroma Coffee Pods 16 Pack,https://www.woolworths.com.au/shop/productdetails/805929/nescafe-dolce-gusto-americano-rich-aroma-coffee-pods,https://assets.woolworths.com.au/images/1005/805929.jpg?impolicy=wowsmkqiema&w=260&h=260,$10.00,$0.63 / 1EA,,, Add to cart , Save to list 
Woolworths Soft & Juicy Apricots 250g,https://www.woolworths.com.au/shop/productdetails/83293/woolworths-soft-juicy-apricots,https://assets.woolworths.com.au/images/1005/83293.jpg?impolicy=wowsmkqiema&w=260&h=260,$4.50,$18.00 / 1KG,4.5,3130, Add to cart , Save to list 
Bonne Maman Orange Marmalade 370g,https://www.woolworths.com.au/shop/productdetails/67146/bonne-maman-orange-marmalade,https://assets.woolworths.com.au/images/1005/67146.jpg?impolicy=wowsmkqiema&w=260&h=260,$5.50,$1.49 / 100G,,, Add to cart , Save to list 
Carman's Crunchy Oat Clusters Honey Roasted Nut 450g,https://www.woolworths.com.au/shop/productdetails/243115/carman-s-crunchy-oat-clusters-honey-roasted-nut,https://assets.woolworths.com.au/images/1005/243115.jpg?impolicy=wowsmkqiema&w=260&h=260,$6.90,$1.53 / 100G,,, Add to cart , Save to list 
Jordans Cluster Bites Milk Chocolate 500g,https://www.woolworths.com.au/shop/productdetails/85599/jordans-cluster-bites-milk-chocolate,https://assets.woolworths.com.au/images/1005/85599.jpg?impolicy=wowsmkqiema&w=260&h=260,$4.25,$0.85 / 100G,,, Add to cart , Save to list 
Vitamilk Soy Thai Tea 300ml,https://www.woolworths.com.au/shop/productdetails/67238/vitamilk-soy-thai-tea,https://assets.woolworths.com.au/images/1005/67238.jpg?impolicy=wowsmkqiema&w=260&h=260,$1.50,$5.00 / 1L,,, Add to cart , Save to list 
Woolworths Mixed Fruit 1kg,https://www.woolworths.com.au/shop/productdetails/37997/woolworths-mixed-fruit,https://assets.woolworths.com.au/images/1005/37997.jpg?impolicy=wowsmkqiema&w=260&h=260,$5.50,$5.50 / 1KG,4.0,571, Add to cart , Save to list 
Ayam Paste Thai Chilli Jam 185g,https://www.woolworths.com.au/shop/productdetails/789329/ayam-paste-thai-chilli-jam,https://assets.woolworths.com.au/images/1005/789329.jpg?impolicy=wowsmkqiema&w=260&h=260,$4.00,$2.16 / 100G,,, Add to cart , Save to list 
Mr Chen's Dumpling Sauce 250ml,https://www.woolworths.com.au/shop/productdetails/234428/mr-chen-s-dumpling-sauce,https://assets.woolworths.com.au/images/1005/234428.jpg?impolicy=wowsmkqiema&w=260&h=260,$2.85,$1.14 / 100ML,,, Add to cart , Save to list 
Beerenberg Dressings Parmesan Caesar 300ml,https://www.woolworths.com.au/shop/productdetails/374575/beerenberg-dressings-parmesan-caesar,https://assets.woolworths.com.au/images/1005/374575.jpg?impolicy=wowsmkqiema&w=260&h=260,$4.00,$1.33 / 100ML,,, Add to cart , Save to list 
Bega Almond Spread Crunchy 325g,https://www.woolworths.com.au/shop/productdetails/827530/bega-almond-spread-crunchy,https://assets.woolworths.com.au/images/1005/827530.jpg?impolicy=wowsmkqiema&w=260&h=260,$6.90,$2.12 / 100G,,, Add to cart , Save to list 
Macro Natural Cashew Spread 250g,https://www.woolworths.com.au/shop/productdetails/357267/macro-natural-cashew-spread,https://assets.woolworths.com.au/images/1005/357267.jpg?impolicy=wowsmkqiema&w=260&h=260,$5.70,$2.28 / 100G,4.2,803, Add to cart , Save to list 
Red Kellys Dressings Sweet Chilli & Lime 250ml,https://www.woolworths.com.au/shop/productdetails/766607/red-kellys-dressings-sweet-chilli-lime,https://assets.woolworths.com.au/images/1005/766607.jpg?impolicy=wowsmkqiema&w=260&h=260,$4.80,$1.92 / 100ML,,, Add to cart , Save to list 
Airborne Pure Honey Upside Down 500g,https://www.woolworths.com.au/shop/productdetails/158979/airborne-pure-honey-upside-down,https://assets.woolworths.com.au/images/1005/158979.jpg?impolicy=wowsmkqiema&w=260&h=260,$7.50,$1.50 / 100G,,, Add to cart , Save to list 
Be Natural Breakfast Cereal With Pink Lady Apple & Flame Raisins 405g,https://www.woolworths.com.au/shop/productdetails/733667/be-natural-breakfast-cereal-with-pink-lady-apple-flame-raisins,https://assets.woolworths.com.au/images/1005/733667.jpg?impolicy=wowsmkqiema&w=260&h=260,$4.80,$1.19 / 100G,,, Add to cart , Save to list 
Green's Cake Mix Chocolate Mud 530g,https://www.woolworths.com.au/shop/productdetails/335575/green-s-cake-mix-chocolate-mud,https://assets.woolworths.com.au/images/1005/335575.jpg?impolicy=wowsmkqiema&w=260&h=260,$4.50,$0.85 / 100G,,, Add to cart , Save to list 
L'or Espresso Lungo Estremo Intensity 10 Coffee Capsules 10 Pack,https://www.woolworths.com.au/shop/productdetails/687775/l-or-espresso-lungo-estremo-intensity-10-coffee-capsules,https://assets.woolworths.com.au/images/1005/687775.jpg?impolicy=wowsmkqiema&w=260&h=260,$5.50,$0.55 / 1EA,,, Add to cart , Save to list 
Lee Kum Kee Ready Sauce Kung Pao Chicken 145g,https://www.woolworths.com.au/shop/productdetails/373985/lee-kum-kee-ready-sauce-kung-pao-chicken,https://assets.woolworths.com.au/images/1005/373985.jpg?impolicy=wowsmkqiema&w=260&h=260,$1.60,$1.10 / 100G,,, Add to cart , Save to list 
Mr Chen's Dark Soy Sauce 250ml,https://www.woolworths.com.au/shop/productdetails/234426/mr-chen-s-dark-soy-sauce,https://assets.woolworths.com.au/images/1005/234426.jpg?impolicy=wowsmkqiema&w=260&h=260,$2.25,$0.90 / 100ML,,, Add to cart , Save to list 
Campos Superior Coffee Beans 500g,https://www.woolworths.com.au/shop/productdetails/94126/campos-superior-coffee-beans,https://assets.woolworths.com.au/images/1005/94126.jpg?impolicy=wowsmkqiema&w=260&h=260,$29.00,$5.80 / 100G,,, Add to cart , Save to list 
Masterfoods Squeezy Mild American Mustard 250g,https://www.woolworths.com.au/shop/productdetails/36557/masterfoods-squeezy-mild-american-mustard,https://assets.woolworths.com.au/images/1005/36557.jpg?impolicy=wowsmkqiema&w=260&h=260,$4.00,$1.60 / 100G,,, Add to cart , Save to list 
Mr Chen's Premium Thai Coconut Cream Gluten Free 400ml,https://www.woolworths.com.au/shop/productdetails/234591/mr-chen-s-premium-thai-coconut-cream-gluten-free,https://assets.woolworths.com.au/images/1005/234591.jpg?impolicy=wowsmkqiema&w=260&h=260,$2.50,$0.63 / 100ML,,, Add to cart , Save to list 
Barkers Anathoth Farm Raspberry Jam 455g,https://www.woolworths.com.au/shop/productdetails/269897/barker-s-anathoth-farm-raspberry-jam,https://assets.woolworths.com.au/images/1005/269897.jpg?impolicy=wowsmkqiema&w=260&h=260,$6.30,$1.38 / 100G,,, Add to cart , Save to list 
Dollar Sweets Rose Gold Foil Patty Pans Large Assorted 100 Pack,https://www.woolworths.com.au/shop/productdetails/147534/dollar-sweets-rose-gold-foil-patty-pans-large-assorted,https://assets.woolworths.com.au/images/1005/147534.jpg?impolicy=wowsmkqiema&w=260&h=260,$3.75,$0.04 / 1EA,,, Add to cart , Save to list 
Moccona Cadbury Caramel Mocha Sachets 8 Pack,https://www.woolworths.com.au/shop/productdetails/211718/moccona-cadbury-caramel-mocha-sachets,https://assets.woolworths.com.au/images/1005/211718.jpg?impolicy=wowsmkqiema&w=260&h=260,$3.00,$0.38 / 1EA,,, Add to cart , Save to list 
Macro Organic Buckwheat Flour 500g,https://www.woolworths.com.au/shop/productdetails/579236/macro-organic-buckwheat-flour,https://assets.woolworths.com.au/images/1005/579236.jpg?impolicy=wowsmkqiema&w=260&h=260,$5.00,$10.00 / 1KG,4.0,340, Add to cart , Save to list 
Woolworths Potato Bacon Bake 650g,https://www.woolworths.com.au/shop/productdetails/581283/woolworths-potato-bacon-bake,https://assets.woolworths.com.au/images/1005/581283.jpg?impolicy=wowsmkqiema&w=260&h=260,$12.50,$1.92 / 100G,3.5,750, Add to cart , Save to list 
Ayam Black Sesame Oil 210ml,https://www.woolworths.com.au/shop/productdetails/803737/ayam-black-sesame-oil,https://assets.woolworths.com.au/images/1005/803737.jpg?impolicy=wowsmkqiema&w=260&h=260,$6.00,$2.86 / 100ML,,, Add to cart , Save to list 
Moccona Freeze Dried Instant Coffee Classic Dark Roast 400g,https://www.woolworths.com.au/shop/productdetails/256700/moccona-freeze-dried-instant-coffee-classic-dark-roast,https://assets.woolworths.com.au/images/1005/256700.jpg?impolicy=wowsmkqiema&w=260&h=260,$28.00,$7.00 / 100G,,, Add to cart , Save to list 
Woolworths Almonds Blanched 120g,https://www.woolworths.com.au/shop/productdetails/726259/woolworths-almonds-blanched,https://assets.woolworths.com.au/images/1005/726259.jpg?impolicy=wowsmkqiema&w=260&h=260,$3.60,$30.00 / 1KG,4.5,505, Add to cart , Save to list 
Carbonell Extra Virgin Olive Oil 4l,https://www.woolworths.com.au/shop/productdetails/286257/carbonell-extra-virgin-olive-oil,https://assets.woolworths.com.au/images/1005/286257.jpg?impolicy=wowsmkqiema&w=260&h=260,$44.00,$1.10 / 100ML,4.8,362, Add to cart , Save to list 
Coco Earth Butter Chicken With Basmati Rice 400g,https://www.woolworths.com.au/shop/productdetails/95611/coco-earth-butter-chicken-with-basmati-rice,https://assets.woolworths.com.au/images/1005/95611.jpg?impolicy=wowsmkqiema&w=260&h=260,$6.00,$1.50 / 100G,,, Add to cart , Save to list 
Woolworths Longans In Syrup 560g,https://www.woolworths.com.au/shop/productdetails/134880/woolworths-longans-in-syrup,https://assets.woolworths.com.au/images/1005/134880.jpg?impolicy=wowsmkqiema&w=260&h=260,$3.10,$5.54 / 1KG,3.5,284, Add to cart , Save to list 
Zappo Showbag -20pc,https://www.woolworths.com.au/shop/productdetails/1073908199/zappo-showbag-20pc,https://assets.woolworths.com.au/images/1005/1073908199.jpg?impolicy=wowsmkqiema&w=260&h=260,$15.30,$15.30 / 1EA,,, Add to cart , Save to list 
Aeroplane Original Watermelon Flavoured Jelly 85g,https://www.woolworths.com.au/shop/productdetails/178328/aeroplane-original-watermelon-flavoured-jelly,https://assets.woolworths.com.au/images/1005/178328.jpg?impolicy=wowsmkqiema&w=260&h=260,$1.10,$1.29 / 100G,,, Add to cart , Save to list 
Savour Canned Spicy Beans Broad 100g,https://www.woolworths.com.au/shop/productdetails/308171/savour-canned-spicy-beans-broad,https://assets.woolworths.com.au/images/1005/308171.jpg?impolicy=wowsmkqiema&w=260&h=260,$1.40,$14.00 / 1KG,,, Add to cart , Save to list 
Twinings Live Well Glow Tea Bags 20 Pack,https://www.woolworths.com.au/shop/productdetails/225978/twinings-live-well-glow-tea-bags,https://assets.woolworths.com.au/images/1005/225978.jpg?impolicy=wowsmkqiema&w=260&h=260,$7.50,$0.38 / 1EA,,, Add to cart , Save to list 
Woolworths Peri Peri Panko Crumb 200g,https://www.woolworths.com.au/shop/productdetails/212640/woolworths-peri-peri-panko-crumb,https://assets.woolworths.com.au/images/1005/212640.jpg?impolicy=wowsmkqiema&w=260&h=260,$2.30,$0.12 / 10G,,, Add to cart , Save to list 
Woolworths Sunflower Oil 4l,https://www.woolworths.com.au/shop/productdetails/808018/woolworths-sunflower-oil,https://assets.woolworths.com.au/images/1005/808018.jpg?impolicy=wowsmkqiema&w=260&h=260,$23.60,$0.59 / 100ML,,, Add to cart , Save to list 
Zwan Luncheon Meat Halal Chicken 850g,https://www.woolworths.com.au/shop/productdetails/815456/zwan-luncheon-meat-halal-chicken,https://assets.woolworths.com.au/images/1005/815456.jpg?impolicy=wowsmkqiema&w=260&h=260,$9.65,$1.14 / 100G,,, Add to cart , Save to list 
Leggo's Providore D'italia Tomato Paste Triple Concentrate 130g,https://www.woolworths.com.au/shop/productdetails/150875/leggo-s-providore-d-italia-tomato-paste-triple-concentrate,https://assets.woolworths.com.au/images/1005/150875.jpg?impolicy=wowsmkqiema&w=260&h=260,$2.50,$1.92 / 100G,,, Add to cart , Save to list 
Pana Organic 100% Cacao Powder 200g,https://www.woolworths.com.au/shop/productdetails/143615/pana-organic-100-cacao-powder,https://assets.woolworths.com.au/images/1005/143615.jpg?impolicy=wowsmkqiema&w=260&h=260,$4.00,$2.00 / 100G,,, Add to cart , Save to list 
﻿Azalea Grape Seed Oil 1l,https://www.woolworths.com.au/shop/productdetails/71586/azalea-grape-seed-oil,https://assets.woolworths.com.au/images/1005/71586.jpg?impolicy=wowsmkqiema&w=260&h=260,$18.00,$1.80 / 100ML,,, Add to cart , Save to list 
Kintra Foods Dandy Chai Blend 90g,https://www.woolworths.com.au/shop/productdetails/425685/kintra-foods-dandy-chai-blend,https://assets.woolworths.com.au/images/1005/425685.jpg?impolicy=wowsmkqiema&w=260&h=260,$7.50,$8.33 / 100G,,, Add to cart , Save to list 
Mingle Better Tangy Bbq Sauce Pouch 250g,https://www.woolworths.com.au/shop/productdetails/171282/mingle-better-tangy-bbq-sauce-pouch,https://assets.woolworths.com.au/images/1005/171282.jpg?impolicy=wowsmkqiema&w=260&h=260,$4.95,$1.98 / 100G,,, Add to cart , Save to list 
Raw C Organic Virgin Coconut Oil 1500ml,https://www.woolworths.com.au/shop/productdetails/79974/raw-c-organic-virgin-coconut-oil,https://assets.woolworths.com.au/images/1005/79974.jpg?impolicy=wowsmkqiema&w=260&h=260,$16.00,$1.07 / 100ML,,, Add to cart , Save to list 
Woolworths Great Start Reduced Sugar Multigrain Cereal 400g,https://www.woolworths.com.au/shop/productdetails/858634/woolworths-great-start-reduced-sugar-multigrain-cereal,https://assets.woolworths.com.au/images/1005/858634.jpg?impolicy=wowsmkqiema&w=260&h=260,$3.50,$0.88 / 100G,4.0,338, Add to cart , Save to list 
Belladotti Salad Toppers Tuscan Garden 90g,https://www.woolworths.com.au/shop/productdetails/235624/belladotti-salad-toppers-tuscan-garden,https://assets.woolworths.com.au/images/1005/235624.jpg?impolicy=wowsmkqiema&w=260&h=260,$3.90,$4.33 / 100G,,, Add to cart , Save to list 
Birch & Waite Milk Chocolate Dessert Sauce 130g,https://www.woolworths.com.au/shop/productdetails/669459/birch-waite-milk-chocolate-dessert-sauce,https://assets.woolworths.com.au/images/1005/669459.jpg?impolicy=wowsmkqiema&w=260&h=260,$3.00,$23.08 / 1KG,,, Add to cart , Save to list 
Vittoria Coffee Beans Latte 1kg,https://www.woolworths.com.au/shop/productdetails/158983/vittoria-coffee-beans-latte,https://assets.woolworths.com.au/images/1005/158983.jpg?impolicy=wowsmkqiema&w=260&h=260,$37.00,$3.70 / 100G,,, Add to cart , Save to list 
Lakanto Monkfruit No Sugar Added Golden Malt Flavoured Syrup 300ml,https://www.woolworths.com.au/shop/productdetails/143006/lakanto-monkfruit-no-sugar-added-golden-malt-flavoured-syrup,https://assets.woolworths.com.au/images/1005/143006.jpg?impolicy=wowsmkqiema&w=260&h=260,$8.00,$2.67 / 100ML,,, Add to cart , Save to list 
Maggi Beef Goulash Recipe Base 33g,https://www.woolworths.com.au/shop/productdetails/446483/maggi-beef-goulash-recipe-base,https://assets.woolworths.com.au/images/1005/446483.jpg?impolicy=wowsmkqiema&w=260&h=260,$1.75,$5.30 / 100G,,, Add to cart , Save to list 
Mingle Green Curry Spice Blend 30g,https://www.woolworths.com.au/shop/productdetails/135064/mingle-green-curry-spice-blend,https://assets.woolworths.com.au/images/1005/135064.jpg?impolicy=wowsmkqiema&w=260&h=260,$2.60,$8.67 / 100G,4.0,1, Add to cart , Save to list 
Moccona Freeze Dried Instant Coffee Classic Decaffeinated 100g,https://www.woolworths.com.au/shop/productdetails/49275/moccona-freeze-dried-instant-coffee-classic-decaffeinated,https://assets.woolworths.com.au/images/1005/49275.jpg?impolicy=wowsmkqiema&w=260&h=260,$12.50,$12.50 / 100G,,, Add to cart , Save to list 
Woolworths Bay Leaf Fresh Herb 10g,https://www.woolworths.com.au/shop/productdetails/707375/woolworths-bay-leaf-fresh-herb,https://assets.woolworths.com.au/images/1005/707375.jpg?impolicy=wowsmkqiema&w=260&h=260,,,,,, Save to list 
Ardmona Pie Fruit Apples Sliced 400g,https://www.woolworths.com.au/shop/productdetails/32993/ardmona-pie-fruit-apples-sliced-sliced,https://assets.woolworths.com.au/images/1005/32993.jpg?impolicy=wowsmkqiema&w=260&h=260,$4.00,$10.00 / 1KG,,, Add to cart , Save to list 
Celestial Seasonings Sleepytime Mint Tea Bags 20 Pack,https://www.woolworths.com.au/shop/productdetails/224639/celestial-seasonings-sleepytime-mint-tea-bags,https://assets.woolworths.com.au/images/1005/224639.jpg?impolicy=wowsmkqiema&w=260&h=260,$5.00,$0.25 / 1EA,,, Add to cart , Save to list 
Jarrah Swiss Café Instant Mocha 250g,https://www.woolworths.com.au/shop/productdetails/254492/jarrah-swiss-caf-instant-mocha-swiss-style-cocoa-98-fat-free,https://assets.woolworths.com.au/images/1005/254492.jpg?impolicy=wowsmkqiema&w=260&h=260,$7.50,$3.00 / 100G,,, Add to cart , Save to list 
Nescafe Coffee Sachets Latte 10 Pack,https://www.woolworths.com.au/shop/productdetails/22823/nescafe-coffee-sachets-latte,https://assets.woolworths.com.au/images/1005/22823.jpg?impolicy=wowsmkqiema&w=260&h=260,$7.60,$0.76 / 1EA,,, Add to cart , Save to list 
Nestle Plaistowe Dark Chocolate Baking Block 180g,https://www.woolworths.com.au/shop/productdetails/227337/nestle-plaistowe-dark-chocolate-baking-block,https://assets.woolworths.com.au/images/1005/227337.jpg?impolicy=wowsmkqiema&w=260&h=260,$5.00,$2.78 / 100G,,, Add to cart , Save to list 
Old El Paso Bulk Enchilada Kit 1.04kg,https://www.woolworths.com.au/shop/productdetails/87865/old-el-paso-bulk-enchilada-kit,https://assets.woolworths.com.au/images/1005/87865.jpg?impolicy=wowsmkqiema&w=260&h=260,$10.00,$0.96 / 100G,,, Add to cart , Save to list 
Betty Crocker Cinnamon Crumble Muffin Mix 500g,https://www.woolworths.com.au/shop/productdetails/205497/betty-crocker-cinnamon-crumble-muffin-mix,https://assets.woolworths.com.au/images/1005/205497.jpg?impolicy=wowsmkqiema&w=260&h=260,$4.50,$0.90 / 100G,,, Add to cart , Save to list 
Saxa Whole Blended Peppercorns Pepper 190g,https://www.woolworths.com.au/shop/productdetails/118156/saxa-whole-blended-peppercorns-pepper,https://assets.woolworths.com.au/images/1005/118156.jpg?impolicy=wowsmkqiema&w=260&h=260,$7.00,$0.37 / 10G,,, Add to cart , Save to list 
Woolworths Free From Gluten Brownie Mix 400g,https://www.woolworths.com.au/shop/productdetails/770073/woolworths-free-from-gluten-brownie-mix,https://assets.woolworths.com.au/images/1005/770073.jpg?impolicy=wowsmkqiema&w=260&h=260,$4.00,$1.00 / 100G,4.4,238, Add to cart , Save to list 
Clive Of India Hot Madras Curry Powder 50g,https://www.woolworths.com.au/shop/productdetails/827884/clive-of-india-hot-madras-curry-powder,https://assets.woolworths.com.au/images/1005/827884.jpg?impolicy=wowsmkqiema&w=260&h=260,$2.20,$0.44 / 10G,,, Add to cart , Save to list 
Masterfoods Mild English Mustard 175g,https://www.woolworths.com.au/shop/productdetails/32820/masterfoods-mild-english-mustard,https://assets.woolworths.com.au/images/1005/32820.jpg?impolicy=wowsmkqiema&w=260&h=260,$4.00,$2.29 / 100G,,, Add to cart , Save to list 
Woolworths Oregano Fresh Herb 10g Punnet,https://www.woolworths.com.au/shop/productdetails/707371/woolworths-oregano-fresh-herb,https://assets.woolworths.com.au/images/1005/707371.jpg?impolicy=wowsmkqiema&w=260&h=260,,,,,, Save to list 
Angas Park Peaches Dried 200g,https://www.woolworths.com.au/shop/productdetails/38181/angas-park-peaches-dried,https://assets.woolworths.com.au/images/1005/38181.jpg?impolicy=wowsmkqiema&w=260&h=260,$6.30,$31.50 / 1KG,,, Add to cart , Save to list 
Mccormick Organic Ginger Powder 10g,https://www.woolworths.com.au/shop/productdetails/59119/mccormick-organic-ginger-powder,https://assets.woolworths.com.au/images/1005/59119.jpg?impolicy=wowsmkqiema&w=260&h=260,$2.75,$2.75 / 10G,,, Add to cart , Save to list 
Sirena Brown Rice & Quinoa With Chicken 190g,https://www.woolworths.com.au/shop/productdetails/219575/sirena-brown-rice-quinoa-with-chicken,https://assets.woolworths.com.au/images/1005/219575.jpg?impolicy=wowsmkqiema&w=260&h=260,$3.30,$1.74 / 100G,,, Add to cart , Save to list 
Woolworths Whole Green Olives 450g,https://www.woolworths.com.au/shop/productdetails/534878/woolworths-whole-green-olives,https://assets.woolworths.com.au/images/1005/534878.jpg?impolicy=wowsmkqiema&w=260&h=260,$2.20,$0.49 / 100G,3.8,621, Add to cart , Save to list 
Chi Forest Lychee 330mlx6,https://www.woolworths.com.au/shop/productdetails/198657/chi-forest-lychee,https://assets.woolworths.com.au/images/1005/198657.jpg?impolicy=wowsmkqiema&w=260&h=260,$6.60,$0.33 / 100ML,,, Add to cart , Save to list 
Eti Cracker Crax Pretzel Stick Snack 120g,https://www.woolworths.com.au/shop/productdetails/777764/eti-cracker-crax-pretzel-stick-snack,https://assets.woolworths.com.au/images/1005/777764.jpg?impolicy=wowsmkqiema&w=260&h=260,$1.90,$1.58 / 100G,,, Add to cart , Save to list 
Spring Gully Gherkins Round 550g,https://www.woolworths.com.au/shop/productdetails/14606/spring-gully-gherkins-round,https://assets.woolworths.com.au/images/1005/14606.jpg?impolicy=wowsmkqiema&w=260&h=260,$5.00,$9.09 / 1KG,,, Add to cart , Save to list 
Uncle Tobys Oats Delicious Blends Blueberry & Coconut Porridge 320g,https://www.woolworths.com.au/shop/productdetails/197229/uncle-tobys-oats-delicious-blends-blueberry-coconut-porridge,https://assets.woolworths.com.au/images/1005/197229.jpg?impolicy=wowsmkqiema&w=260&h=260,$6.50,$2.03 / 100G,,, Add to cart , Save to list 
Woolworths Crunchy Honey Poppas 650g,https://www.woolworths.com.au/shop/productdetails/84893/woolworths-crunchy-honey-poppas,https://assets.woolworths.com.au/images/1005/84893.jpg?impolicy=wowsmkqiema&w=260&h=260,$4.30,$0.66 / 100G,3.9,663, Add to cart , Save to list 
Beerenberg Relish Burger 260g,https://www.woolworths.com.au/shop/productdetails/788565/beerenberg-relish-burger,https://assets.woolworths.com.au/images/1005/788565.jpg?impolicy=wowsmkqiema&w=260&h=260,$5.50,$2.12 / 100G,,, Add to cart , Save to list 
Bonne Maman Caramel Spread 380g,https://www.woolworths.com.au/shop/productdetails/769172/bonne-maman-caramel-spread,https://assets.woolworths.com.au/images/1005/769172.jpg?impolicy=wowsmkqiema&w=260&h=260,$5.50,$1.45 / 100G,,, Add to cart , Save to list 
Dollar Sweets 100s & 1000s Jar 155g,https://www.woolworths.com.au/shop/productdetails/491614/dollar-sweets-100s-1000s-jar,https://assets.woolworths.com.au/images/1005/491614.jpg?impolicy=wowsmkqiema&w=260&h=260,$3.50,$2.26 / 100G,,, Add to cart , Save to list 
Fix & Fogg Peanut Butter Super Crunchy 750g,https://www.woolworths.com.au/shop/productdetails/102301/fix-and-fogg-fix-fogg-peanut-butter-super-crunchy,https://assets.woolworths.com.au/images/1005/102301.jpg?impolicy=wowsmkqiema&w=260&h=260,$9.90,$1.32 / 100G,,, Add to cart , Save to list 
Green's Gravy Granules For Chicken 120g,https://www.woolworths.com.au/shop/productdetails/5649/green-s-gravy-granules-for-chicken,https://assets.woolworths.com.au/images/1005/5649.jpg?impolicy=wowsmkqiema&w=260&h=260,$4.20,$0.35 / 10G,,, Add to cart , Save to list 
"Campbell's Real Stock Flavour Boost Chilli, Garlic & Onion 250ml",https://www.woolworths.com.au/shop/productdetails/234454/campbell-s-real-stock-flavour-boost-chilli-garlic-onion,https://assets.woolworths.com.au/images/1005/234454.jpg?impolicy=wowsmkqiema&w=260&h=260,$4.00,$1.60 / 100ML,,, Add to cart , Save to list 
Masterfoods Garam Masala 30g,https://www.woolworths.com.au/shop/productdetails/33276/masterfoods-garam-masala,https://assets.woolworths.com.au/images/1005/33276.jpg?impolicy=wowsmkqiema&w=260&h=260,$3.50,$1.17 / 10G,,, Add to cart , Save to list 
Mckenzie's Coconut Moist Flakes 225g,https://www.woolworths.com.au/shop/productdetails/251036/mckenzie-s-coconut-moist-flakes,https://assets.woolworths.com.au/images/1005/251036.jpg?impolicy=wowsmkqiema&w=260&h=260,$3.60,$16.00 / 1KG,,, Add to cart , Save to list 
Rosella Aristocrat Red Cocktail Onions Cocktail Red 150g,https://www.woolworths.com.au/shop/productdetails/32471/rosella-aristocrat-red-cocktail-onions-cocktail-red,https://assets.woolworths.com.au/images/1005/32471.jpg?impolicy=wowsmkqiema&w=260&h=260,$2.50,$16.67 / 1KG,,, Add to cart , Save to list 
Campbell's Real Stock Flavour Boost Garlic & Rosemary 250ml,https://www.woolworths.com.au/shop/productdetails/234318/campbell-s-real-stock-flavour-boost-garlic-rosemary,https://assets.woolworths.com.au/images/1005/234318.jpg?impolicy=wowsmkqiema&w=260&h=260,$4.00,$1.60 / 100ML,,, Add to cart , Save to list 
Il Molino Pizza Flour 1kg,https://www.woolworths.com.au/shop/productdetails/15616/il-molino-pizza-flour,https://assets.woolworths.com.au/images/1005/15616.jpg?impolicy=wowsmkqiema&w=260&h=260,$3.50,$3.50 / 1KG,,, Add to cart , Save to list 
Moccona Barista Reserve Coffee Capsules Long Black 8 10 Pack,https://www.woolworths.com.au/shop/productdetails/687787/moccona-barista-reserve-coffee-capsules-long-black-8,https://assets.woolworths.com.au/images/1005/687787.jpg?impolicy=wowsmkqiema&w=260&h=260,$5.00,$0.50 / 1EA,,, Add to cart , Save to list 
Coco Earth Thai Green Chicken Curry With Jasmine Rice 400g,https://www.woolworths.com.au/shop/productdetails/95753/coco-earth-thai-green-chicken-curry-with-jasmine-rice,https://assets.woolworths.com.au/images/1005/95753.jpg?impolicy=wowsmkqiema&w=260&h=260,$6.00,$1.50 / 100G,,, Add to cart , Save to list 
Mccormick Organic Cumin Ground 14g,https://www.woolworths.com.au/shop/productdetails/700580/mccormick-organic-cumin-ground,https://assets.woolworths.com.au/images/1005/700580.jpg?impolicy=wowsmkqiema&w=260&h=260,$2.75,$1.96 / 10G,,, Add to cart , Save to list 
Moccona Cadbury Hazelnut Mocha Sachets 8 Pack,https://www.woolworths.com.au/shop/productdetails/214182/moccona-cadbury-hazelnut-mocha-sachets,https://assets.woolworths.com.au/images/1005/214182.jpg?impolicy=wowsmkqiema&w=260&h=260,$3.00,$0.38 / 1EA,,, Add to cart , Save to list 
Nescafe Dolce Gusto Flat White Coffee Pods 16 Pack,https://www.woolworths.com.au/shop/productdetails/699538/nescafe-dolce-gusto-flat-white-coffee-pods,https://assets.woolworths.com.au/images/1005/699538.jpg?impolicy=wowsmkqiema&w=260&h=260,$10.00,$0.63 / 1EA,,, Add to cart , Save to list 
Angas Park Mediterranean Apricot Soft & Juicy 225g,https://www.woolworths.com.au/shop/productdetails/205662/angas-park-mediterranean-apricot-soft-juicy,https://assets.woolworths.com.au/images/1005/205662.jpg?impolicy=wowsmkqiema&w=260&h=260,$8.00,$35.56 / 1KG,,, Add to cart , Save to list 
Avofresh Classic Guacamole 160g,https://www.woolworths.com.au/shop/productdetails/243094/avofresh-classic-guacamole,https://assets.woolworths.com.au/images/1005/243094.jpg?impolicy=wowsmkqiema&w=260&h=260,,,,,, Save to list 
Beerenberg Mango Chutney 280g,https://www.woolworths.com.au/shop/productdetails/788574/beerenberg-mango-chutney,https://assets.woolworths.com.au/images/1005/788574.jpg?impolicy=wowsmkqiema&w=260&h=260,$5.50,$1.96 / 100G,,, Add to cart , Save to list 
Meiji Biscuit Hello Panda Snacks Chocolate 50g,https://www.woolworths.com.au/shop/productdetails/329808/meiji-biscuit-hello-panda-snacks-chocolate,https://assets.woolworths.com.au/images/1005/329808.jpg?impolicy=wowsmkqiema&w=260&h=260,$2.10,$4.20 / 100G,,, Add to cart , Save to list 
The Spice Tailor Southern Chettinad Curry 300g,https://www.woolworths.com.au/shop/productdetails/250819/the-spice-tailor-southern-chettinad-curry,https://assets.woolworths.com.au/images/1005/250819.jpg?impolicy=wowsmkqiema&w=260&h=260,$3.10,$1.03 / 100G,,, Add to cart , Save to list 
"Arkadia Plus Immunity Chai With Tumeric, Honey & Ginger 7 Pack",https://www.woolworths.com.au/shop/productdetails/226158/arkadia-plus-immunity-chai-with-tumeric-honey-ginger,https://assets.woolworths.com.au/images/1005/226158.jpg?impolicy=wowsmkqiema&w=260&h=260,$5.40,$0.77 / 1EA,,, Add to cart , Save to list 
Hoyts Cinnamon Sugar 70g,https://www.woolworths.com.au/shop/productdetails/716793/hoyts-cinnamon-sugar,https://assets.woolworths.com.au/images/1005/716793.jpg?impolicy=wowsmkqiema&w=260&h=260,$2.30,$0.33 / 10G,,, Add to cart , Save to list 
Laucke Sprouted Whole Wheat Flour Blend 1kg,https://www.woolworths.com.au/shop/productdetails/143380/laucke-sprouted-whole-wheat-flour-blend,https://assets.woolworths.com.au/images/1005/143380.jpg?impolicy=wowsmkqiema&w=260&h=260,$5.00,$5.00 / 1KG,,, Add to cart , Save to list 
Arnold's Farm Toasted Muesli Fruit & Nut 700g,https://www.woolworths.com.au/shop/productdetails/184938/arnold-s-farm-toasted-muesli-fruit-nut,https://assets.woolworths.com.au/images/1005/184938.jpg?impolicy=wowsmkqiema&w=260&h=260,$5.50,$0.79 / 100G,4.3,976, Add to cart , Save to list 
Beerenberg Bbq Sauce 300ml,https://www.woolworths.com.au/shop/productdetails/27189/beerenberg-bbq-sauce,https://assets.woolworths.com.au/images/1005/27189.jpg?impolicy=wowsmkqiema&w=260&h=260,$5.50,$1.83 / 100ML,,, Add to cart , Save to list 
Lee Kum Kee Sauce Char Siu 240g,https://www.woolworths.com.au/shop/productdetails/38109/lee-kum-kee-sauce-char-siu,https://assets.woolworths.com.au/images/1005/38109.jpg?impolicy=wowsmkqiema&w=260&h=260,,,,,, Save to list 
Lipton Iced Tea Passionfruit Sachets 20 Pack,https://www.woolworths.com.au/shop/productdetails/176993/lipton-iced-tea-passionfruit-sachets,https://assets.woolworths.com.au/images/1005/176993.jpg?impolicy=wowsmkqiema&w=260&h=260,$6.50,$0.33 / 1EA,,, Add to cart , Save to list 
Gourmet Garden Oregano Lightly Dried 5g,https://www.woolworths.com.au/shop/productdetails/593301/gourmet-garden-oregano-lightly-dried,https://assets.woolworths.com.au/images/1005/593301.jpg?impolicy=wowsmkqiema&w=260&h=260,$4.00,$8.00 / 10G,,, Add to cart , Save to list 
Gourmet Garden Paste Garlic 80g,https://www.woolworths.com.au/shop/productdetails/948491/gourmet-garden-paste-garlic,https://assets.woolworths.com.au/images/1005/948491.jpg?impolicy=wowsmkqiema&w=260&h=260,$4.00,$0.50 / 10G,,, Add to cart , Save to list 
Nescafe Blend 43 Instant Coffee Jar 50g,https://www.woolworths.com.au/shop/productdetails/33832/nescafe-blend-43-instant-coffee-jar,https://assets.woolworths.com.au/images/1005/33832.jpg?impolicy=wowsmkqiema&w=260&h=260,$6.50,$13.00 / 100G,,, Add to cart , Save to list 
Spc Peaches Sliced In Syrup Reduced Sugar Canned Fruit 400g,https://www.woolworths.com.au/shop/productdetails/232557/spc-peaches-sliced-in-syrup-reduced-sugar-canned-fruit,https://assets.woolworths.com.au/images/1005/232557.jpg?impolicy=wowsmkqiema&w=260&h=260,$3.00,$7.50 / 1KG,,, Add to cart , Save to list 
Aeroplane Jelly Lite Vanilla Berry Low Calorie Jelly Crystals 2x9g,https://www.woolworths.com.au/shop/productdetails/380903/aeroplane-jelly-lite-vanilla-berry-low-calorie-jelly-crystals,https://assets.woolworths.com.au/images/1005/380903.jpg?impolicy=wowsmkqiema&w=260&h=260,$2.20,$12.22 / 100G,,, Add to cart , Save to list 
Green's Cake Mix Traditional Date Loaf 415g,https://www.woolworths.com.au/shop/productdetails/17513/green-s-cake-mix-traditional-date-loaf,https://assets.woolworths.com.au/images/1005/17513.jpg?impolicy=wowsmkqiema&w=260&h=260,,,5.0,1,, Save to list 
Mr Chen's Satay Chicken Noodles Kit 382g,https://www.woolworths.com.au/shop/productdetails/122269/mr-chen-s-satay-chicken-noodles-kit,https://assets.woolworths.com.au/images/1005/122269.jpg?impolicy=wowsmkqiema&w=260&h=260,$7.00,$1.83 / 100G,,, Add to cart , Save to list 
Woolworths Pure Australian Honey Pail 1kg,https://www.woolworths.com.au/shop/productdetails/808997/woolworths-pure-australian-honey-pail,https://assets.woolworths.com.au/images/1005/808997.jpg?impolicy=wowsmkqiema&w=260&h=260,$12.50,$1.25 / 100G,4.8,408, Add to cart , Save to list 
Fehlbergs Jalapenos & Chilli Mix 470g,https://www.woolworths.com.au/shop/productdetails/619816/fehlbergs-jalapenos-chilli-mix,https://assets.woolworths.com.au/images/1005/619816.jpg?impolicy=wowsmkqiema&w=260&h=260,$5.00,$1.06 / 100G,,, Add to cart , Save to list 
Harris Coffee Beans Strong 1kg,https://www.woolworths.com.au/shop/productdetails/90001/harris-coffee-beans-strong,https://assets.woolworths.com.au/images/1005/90001.jpg?impolicy=wowsmkqiema&w=260&h=260,$26.00,$2.60 / 100G,,, Add to cart , Save to list 
Hellmann's Garlic Aioli Sqeeze Bottle 252g,https://www.woolworths.com.au/shop/productdetails/232562/hellmann-s-garlic-aioli-sqeeze-bottle,https://assets.woolworths.com.au/images/1005/232562.jpg?impolicy=wowsmkqiema&w=260&h=260,$5.50,$2.18 / 100G,,, Add to cart , Save to list 
Ichiban Noodle Bowl Roast Beef 150g,https://www.woolworths.com.au/shop/productdetails/841640/ichiban-noodle-bowl-roast-beef,https://assets.woolworths.com.au/images/1005/841640.jpg?impolicy=wowsmkqiema&w=260&h=260,$5.50,$3.67 / 100G,,, Add to cart , Save to list 
Mccormick Slow Cooker Beef & Mushroom Ragout Recipe Base 40g,https://www.woolworths.com.au/shop/productdetails/591700/mccormick-slow-cooker-beef-mushroom-ragout-recipe-base,https://assets.woolworths.com.au/images/1005/591700.jpg?impolicy=wowsmkqiema&w=260&h=260,$1.60,$4.00 / 100G,,, Add to cart , Save to list 
Aeroplane Jelly Lite Blueberry Flavour Low Calorie Jelly Crystals 2x9g,https://www.woolworths.com.au/shop/productdetails/241109/aeroplane-jelly-lite-blueberry-flavour-low-calorie-jelly-crystals,https://assets.woolworths.com.au/images/1005/241109.jpg?impolicy=wowsmkqiema&w=260&h=260,$2.20,$12.22 / 100G,,, Add to cart , Save to list 
Aeroplane Jelly Lite Pineapple Flavour Low Calorie Jelly Crystals 2x9g,https://www.woolworths.com.au/shop/productdetails/172715/aeroplane-jelly-lite-pineapple-flavour-low-calorie-jelly-crystals,https://assets.woolworths.com.au/images/1005/172715.jpg?impolicy=wowsmkqiema&w=260&h=260,$2.20,$12.22 / 100G,,, Add to cart , Save to list 
Ayam Malaysian Laksa Paste 185g,https://www.woolworths.com.au/shop/productdetails/329999/ayam-malaysian-laksa-paste,https://assets.woolworths.com.au/images/1005/329999.jpg?impolicy=wowsmkqiema&w=260&h=260,$4.00,$2.16 / 100G,,, Add to cart , Save to list 
Gardener Mixed Blossom Honey 400g,https://www.woolworths.com.au/shop/productdetails/671283/gardener-mixed-blossom-honey,https://assets.woolworths.com.au/images/1005/671283.jpg?impolicy=wowsmkqiema&w=260&h=260,$5.30,$1.33 / 100G,,, Add to cart , Save to list 
Maggi Mexican Nachos Recipe Base Recipe Base 41g,https://www.woolworths.com.au/shop/productdetails/446478/maggi-mexican-nachos-recipe-base-recipe-base,https://assets.woolworths.com.au/images/1005/446478.jpg?impolicy=wowsmkqiema&w=260&h=260,$1.75,$4.27 / 100G,,, Add to cart , Save to list 
Woolworths Chicken Bolognese With Spaghetti 305g,https://www.woolworths.com.au/shop/productdetails/572973/woolworths-chicken-bolognese-with-spaghetti,https://assets.woolworths.com.au/images/1005/572973.jpg?impolicy=wowsmkqiema&w=260&h=260,$3.20,$1.05 / 100G,2.9,795, Add to cart , Save to list 
Lakanto Monkfruit No Sugar Added Maple Flavoured Syrup 300ml,https://www.woolworths.com.au/shop/productdetails/178431/lakanto-monkfruit-no-sugar-added-maple-flavoured-syrup,https://assets.woolworths.com.au/images/1005/178431.jpg?impolicy=wowsmkqiema&w=260&h=260,$8.00,$2.67 / 100ML,,, Add to cart , Save to list 
Macro Organic Whole Egg Mayonnaise 440g,https://www.woolworths.com.au/shop/productdetails/761079/macro-organic-whole-egg-mayonnaise,https://assets.woolworths.com.au/images/1005/761079.jpg?impolicy=wowsmkqiema&w=260&h=260,$6.50,$1.48 / 100G,3.9,212, Add to cart , Save to list 
Oli & Vine Creamy Ranch 250ml,https://www.woolworths.com.au/shop/productdetails/46732/oli-vine-creamy-ranch,https://assets.woolworths.com.au/images/1005/46732.jpg?impolicy=wowsmkqiema&w=260&h=260,$5.00,$2.00 / 100ML,,, Add to cart , Save to list 
White Wings Cookies & Cream Mix 250g,https://www.woolworths.com.au/shop/productdetails/141525/white-wings-cookies-cream-mix,https://assets.woolworths.com.au/images/1005/141525.jpg?impolicy=wowsmkqiema&w=260&h=260,$3.60,$1.44 / 100G,,, Add to cart , Save to list 
Betty Crocker Triple Chocolate Muffin Mix 500g,https://www.woolworths.com.au/shop/productdetails/187790/betty-crocker-triple-chocolate-muffin-mix,https://assets.woolworths.com.au/images/1005/187790.jpg?impolicy=wowsmkqiema&w=260&h=260,$4.50,$0.90 / 100G,5.0,1, Add to cart , Save to list 
Essentials Processed Bran Sticks 500g,https://www.woolworths.com.au/shop/productdetails/93035/essentials-processed-bran-sticks,https://assets.woolworths.com.au/images/1005/93035.jpg?impolicy=wowsmkqiema&w=260&h=260,$1.79,$0.36 / 100G,,, Add to cart , Save to list 
Green's Cake Mix Banana 430g,https://www.woolworths.com.au/shop/productdetails/347112/green-s-cake-mix-banana,https://assets.woolworths.com.au/images/1005/347112.jpg?impolicy=wowsmkqiema&w=260&h=260,$3.00,$0.70 / 100G,,, Add to cart , Save to list 
Lavazza A Modo Mio Delizioso Coffee Capsules 16 Pack,https://www.woolworths.com.au/shop/productdetails/554677/lavazza-a-modo-mio-delizioso-coffee-capsules,https://assets.woolworths.com.au/images/1005/554677.jpg?impolicy=wowsmkqiema&w=260&h=260,$12.50,$0.78 / 1EA,,, Add to cart , Save to list 
The Han Kitchen Pocha Ramyun 4 Pack,https://www.woolworths.com.au/shop/productdetails/235055/han-kitchen-the-han-kitchen-pocha-ramyun,https://assets.woolworths.com.au/images/1005/235055.jpg?impolicy=wowsmkqiema&w=260&h=260,$5.25,$1.11 / 100G,,, Add to cart , Save to list 
Always Fresh Olives Black Sliced 235g,https://www.woolworths.com.au/shop/productdetails/72511/always-fresh-olives-black-sliced,https://assets.woolworths.com.au/images/1005/72511.jpg?impolicy=wowsmkqiema&w=260&h=260,$3.40,$14.47 / 1KG,,, Add to cart , Save to list 
Dole Premium Pineapple Slices In Syrup 439g,https://www.woolworths.com.au/shop/productdetails/841347/dole-premium-pineapple-slices-in-syrup,https://assets.woolworths.com.au/images/1005/841347.jpg?impolicy=wowsmkqiema&w=260&h=260,$3.00,$6.83 / 1KG,,, Add to cart , Save to list 
Harvest Beef Braised Steak & Onion 425g,https://www.woolworths.com.au/shop/productdetails/8229/harvest-beef-braised-steak-onion,https://assets.woolworths.com.au/images/1005/8229.jpg?impolicy=wowsmkqiema&w=260&h=260,$5.00,$11.76 / 1KG,,, Add to cart , Save to list 
Masterfoods Perfect For Fish Spice Blend 20g,https://www.woolworths.com.au/shop/productdetails/235503/masterfoods-perfect-for-fish-spice-blend,https://assets.woolworths.com.au/images/1005/235503.jpg?impolicy=wowsmkqiema&w=260&h=260,$2.50,$1.25 / 10G,,, Add to cart , Save to list 
Praise Goodness Mayo Traditional 250ml,https://www.woolworths.com.au/shop/productdetails/234173/praise-goodness-mayo-traditional,https://assets.woolworths.com.au/images/1005/234173.jpg?impolicy=wowsmkqiema&w=260&h=260,$4.00,$1.60 / 100ML,,, Add to cart , Save to list 
Dole Pineapple Chunks In Juice 822g,https://www.woolworths.com.au/shop/productdetails/8449/dole-pineapple-chunks-in-juice,https://assets.woolworths.com.au/images/1005/8449.jpg?impolicy=wowsmkqiema&w=260&h=260,$4.75,$5.78 / 1KG,,, Add to cart , Save to list 
Mayver's Dark Peanut Butter Crunchy 375g,https://www.woolworths.com.au/shop/productdetails/575838/mayver-s-dark-peanut-butter-crunchy,https://assets.woolworths.com.au/images/1005/575838.jpg?impolicy=wowsmkqiema&w=260&h=260,$5.80,$1.55 / 100G,,, Add to cart , Save to list 
Mckenzie's Chickpea Flour 330g,https://www.woolworths.com.au/shop/productdetails/897407/mckenzie-s-chickpea-flour,https://assets.woolworths.com.au/images/1005/897407.jpg?impolicy=wowsmkqiema&w=260&h=260,$4.00,$1.21 / 100G,,, Add to cart , Save to list 
Marco Polo European Foods Polenta 750g,https://www.woolworths.com.au/shop/productdetails/24883/marco-polo-european-foods-polenta,https://assets.woolworths.com.au/images/1005/24883.jpg?impolicy=wowsmkqiema&w=260&h=260,$3.25,$0.43 / 100G,,, Add to cart , Save to list 
Mingle Garlic & Herb All Natural Seasoning 50g,https://www.woolworths.com.au/shop/productdetails/170002/mingle-garlic-herb-all-natural-seasoning,https://assets.woolworths.com.au/images/1005/170002.jpg?impolicy=wowsmkqiema&w=260&h=260,$3.95,$0.79 / 10G,,, Add to cart , Save to list 
Bonox Beef Stock Paste Extract 230g,https://www.woolworths.com.au/shop/productdetails/33893/bonox-beef-stock-paste-extract,https://assets.woolworths.com.au/images/1005/33893.jpg?impolicy=wowsmkqiema&w=260&h=260,$5.50,$0.24 / 10G,,, Add to cart , Save to list 
Praise Goodness Mayo Whole Egg 250ml,https://www.woolworths.com.au/shop/productdetails/233611/praise-goodness-mayo-whole-egg,https://assets.woolworths.com.au/images/1005/233611.jpg?impolicy=wowsmkqiema&w=260&h=260,$4.00,$1.60 / 100ML,,, Add to cart , Save to list 
Bushells Turkish Coffee 250g,https://www.woolworths.com.au/shop/productdetails/757042/bushells-turkish-coffee,https://assets.woolworths.com.au/images/1005/757042.jpg?impolicy=wowsmkqiema&w=260&h=260,$9.00,$3.60 / 100G,,, Add to cart , Save to list 
Mckenzie's Ancient Grain Soup Mix 375g,https://www.woolworths.com.au/shop/productdetails/141963/mckenzie-s-ancient-grain-soup-mix,https://assets.woolworths.com.au/images/1005/141963.jpg?impolicy=wowsmkqiema&w=260&h=260,$2.60,$0.69 / 100G,,, Add to cart , Save to list 
Moccona Coffee Sachets Latte 30 Pack,https://www.woolworths.com.au/shop/productdetails/174717/moccona-coffee-sachets-latte,https://assets.woolworths.com.au/images/1005/174717.jpg?impolicy=wowsmkqiema&w=260&h=260,$12.00,$0.40 / 1EA,,, Add to cart , Save to list 
Moccona Freeze Dried Instant Coffee Caramel 95g,https://www.woolworths.com.au/shop/productdetails/732562/moccona-freeze-dried-instant-coffee-caramel,https://assets.woolworths.com.au/images/1005/732562.jpg?impolicy=wowsmkqiema&w=260&h=260,$11.50,$12.11 / 100G,,, Add to cart , Save to list 
Bega Peanut Butter No Added Sugar Or Salt Smooth 325g,https://www.woolworths.com.au/shop/productdetails/748501/bega-peanut-butter-no-added-sugar-or-salt-smooth,https://assets.woolworths.com.au/images/1005/748501.jpg?impolicy=wowsmkqiema&w=260&h=260,$4.40,$1.35 / 100G,,, Add to cart , Save to list 
Carman's Natural Bircher Muesli 500g,https://www.woolworths.com.au/shop/productdetails/146327/carman-s-natural-bircher-muesli,https://assets.woolworths.com.au/images/1005/146327.jpg?impolicy=wowsmkqiema&w=260&h=260,$5.00,$1.00 / 100G,,, Add to cart , Save to list 
Hart & Soul Vegetable Paella 150g,https://www.woolworths.com.au/shop/productdetails/99525/hart-soul-vegetable-paella,https://assets.woolworths.com.au/images/1005/99525.jpg?impolicy=wowsmkqiema&w=260&h=260,,,,,, Save to list 
Spring Gully Gherkins Sweet Spiced 550g,https://www.woolworths.com.au/shop/productdetails/74404/spring-gully-gherkins-sweet-spiced,https://assets.woolworths.com.au/images/1005/74404.jpg?impolicy=wowsmkqiema&w=260&h=260,$5.00,$9.09 / 1KG,,, Add to cart , Save to list 
Woolworths Gooseberries In Syrup 410g,https://www.woolworths.com.au/shop/productdetails/134879/woolworths-gooseberries-in-syrup,https://assets.woolworths.com.au/images/1005/134879.jpg?impolicy=wowsmkqiema&w=260&h=260,$2.90,$7.07 / 1KG,2.4,616, Add to cart , Save to list 
Arnold's Farm Clusters Berry Crumble 700g,https://www.woolworths.com.au/shop/productdetails/184974/arnold-s-farm-clusters-berry-crumble,https://assets.woolworths.com.au/images/1005/184974.jpg?impolicy=wowsmkqiema&w=260&h=260,$5.50,$0.79 / 100G,4.4,1195, Add to cart , Save to list 
Bega Simply Nuts Crunchy Peanut Butter 650g,https://www.woolworths.com.au/shop/productdetails/97579/bega-simply-nuts-crunchy-peanut-butter,https://assets.woolworths.com.au/images/1005/97579.jpg?impolicy=wowsmkqiema&w=260&h=260,$8.50,$1.31 / 100G,,, Add to cart , Save to list 
Hart & Soul Chinese Style Five Spice & Soy Stir Fry Recipe Base 80g,https://www.woolworths.com.au/shop/productdetails/208948/hart-soul-chinese-style-five-spice-soy-stir-fry-recipe-base,https://assets.woolworths.com.au/images/1005/208948.jpg?impolicy=wowsmkqiema&w=260&h=260,$2.50,$0.31 / 10G,,, Add to cart , Save to list 
Masterfoods Perfect For Lamb Spice Blend 20g,https://www.woolworths.com.au/shop/productdetails/235446/masterfoods-perfect-for-lamb-spice-blend,https://assets.woolworths.com.au/images/1005/235446.jpg?impolicy=wowsmkqiema&w=260&h=260,$2.50,$1.25 / 10G,,, Add to cart , Save to list 
Angas Park Prunes Large 1kg,https://www.woolworths.com.au/shop/productdetails/39152/angas-park-prunes-large,https://assets.woolworths.com.au/images/1005/39152.jpg?impolicy=wowsmkqiema&w=260&h=260,$9.00,$9.00 / 1KG,,, Add to cart , Save to list 
Capilano 100% Pure Australian Honey Low Gi Squeeze 250g,https://www.woolworths.com.au/shop/productdetails/97064/capilano-100-pure-australian-honey-low-gi-squeeze,https://assets.woolworths.com.au/images/1005/97064.jpg?impolicy=wowsmkqiema&w=260&h=260,$6.00,$2.40 / 100G,,, Add to cart , Save to list 
Masterfoods Mediterranean Style Spice Blend 20g,https://www.woolworths.com.au/shop/productdetails/169366/masterfoods-mediterranean-style-spice-blend,https://assets.woolworths.com.au/images/1005/169366.jpg?impolicy=wowsmkqiema&w=260&h=260,$2.50,$1.25 / 10G,,, Add to cart , Save to list 
Nescafe Blend 43 Instant Coffee Jar 300g,https://www.woolworths.com.au/shop/productdetails/199136/nescafe-blend-43-instant-coffee-jar,https://assets.woolworths.com.au/images/1005/199136.jpg?impolicy=wowsmkqiema&w=260&h=260,$17.40,$5.80 / 100G,,, Add to cart , Save to list 
Prima Singapore Laksa La Mian 178g,https://www.woolworths.com.au/shop/productdetails/827756/prima-singapore-laksa-la-mian,https://assets.woolworths.com.au/images/1005/827756.jpg?impolicy=wowsmkqiema&w=260&h=260,$3.00,$1.69 / 100G,,, Add to cart , Save to list 
Sunbeam Australian Lexia Raisins 1kg,https://www.woolworths.com.au/shop/productdetails/93880/sunbeam-australian-lexia-raisins,https://assets.woolworths.com.au/images/1005/93880.jpg?impolicy=wowsmkqiema&w=260&h=260,$13.00,$13.00 / 1KG,,, Add to cart , Save to list 
Woolworths Plantitude Butter Chicken Tofu With Jasmine Rice 350g,https://www.woolworths.com.au/shop/productdetails/147839/woolworths-plantitude-butter-chicken-tofu-with-jasmine-rice,https://assets.woolworths.com.au/images/1005/147839.jpg?impolicy=wowsmkqiema&w=260&h=260,$5.00,$1.43 / 100G,3.2,264, Add to cart , Save to list 
Lao Gan Ma Chilli Oil Three Ting 210g,https://www.woolworths.com.au/shop/productdetails/67484/lao-gan-ma-chilli-oil-three-ting,https://assets.woolworths.com.au/images/1005/67484.jpg?impolicy=wowsmkqiema&w=260&h=260,$4.40,$2.10 / 100G,,, Add to cart , Save to list 
Lee Kum Kee Honey Soy Stir Fry Sauce 268g,https://www.woolworths.com.au/shop/productdetails/238084/lee-kum-kee-honey-soy-stir-fry-sauce,https://assets.woolworths.com.au/images/1005/238084.jpg?impolicy=wowsmkqiema&w=260&h=260,$2.65,$0.99 / 100G,,, Add to cart , Save to list 
Mckenzie's Coconut Flour 330g,https://www.woolworths.com.au/shop/productdetails/788462/mckenzie-s-coconut-flour,https://assets.woolworths.com.au/images/1005/788462.jpg?impolicy=wowsmkqiema&w=260&h=260,$4.00,$1.21 / 100G,,, Add to cart , Save to list 
Woolworths Papaya Chunks In Syrup 425g,https://www.woolworths.com.au/shop/productdetails/134877/woolworths-papaya-chunks-in-syrup,https://assets.woolworths.com.au/images/1005/134877.jpg?impolicy=wowsmkqiema&w=260&h=260,$2.75,$6.47 / 1KG,2.7,439, Add to cart , Save to list 
Continental Cook-in-bag Recipe Base Honey Bbq Chicken 45g,https://www.woolworths.com.au/shop/productdetails/345655/continental-cook-in-bag-recipe-base-honey-bbq-chicken,https://assets.woolworths.com.au/images/1005/345655.jpg?impolicy=wowsmkqiema&w=260&h=260,$2.20,$4.89 / 100G,,, Add to cart , Save to list 
Lighthouse Biscuit Pastry & Cake Plain Flour 1kg,https://www.woolworths.com.au/shop/productdetails/262660/lighthouse-biscuit-pastry-cake-plain-flour,https://assets.woolworths.com.au/images/1005/262660.jpg?impolicy=wowsmkqiema&w=260&h=260,$3.85,$3.85 / 1KG,,, Add to cart , Save to list 
Praise Goodness Mayo Aioli With Roasted Garlic 250ml,https://www.woolworths.com.au/shop/productdetails/234352/praise-goodness-mayo-aioli-with-roasted-garlic,https://assets.woolworths.com.au/images/1005/234352.jpg?impolicy=wowsmkqiema&w=260&h=260,$4.00,$1.60 / 100ML,,, Add to cart , Save to list 
Al Wadi Tahina 454g,https://www.woolworths.com.au/shop/productdetails/194425/al-wadi-tahina,https://assets.woolworths.com.au/images/1005/194425.jpg?impolicy=wowsmkqiema&w=260&h=260,$5.20,$1.15 / 100G,,, Add to cart , Save to list 
Continental Stock Pot Sensations Vegetable 4 Pack,https://www.woolworths.com.au/shop/productdetails/373177/continental-stock-pot-sensations-vegetable,https://assets.woolworths.com.au/images/1005/373177.jpg?impolicy=wowsmkqiema&w=260&h=260,$4.50,$0.40 / 10G,,, Add to cart , Save to list 
Mccormick Organic Chilli Flakes 12g,https://www.woolworths.com.au/shop/productdetails/700528/mccormick-organic-chilli-flakes,https://assets.woolworths.com.au/images/1005/700528.jpg?impolicy=wowsmkqiema&w=260&h=260,$2.75,$2.29 / 10G,,, Add to cart , Save to list 
Woolworths Coconut Oil Spray 225g,https://www.woolworths.com.au/shop/productdetails/680573/woolworths-coconut-oil-spray,https://assets.woolworths.com.au/images/1005/680573.jpg?impolicy=wowsmkqiema&w=260&h=260,$4.50,$2.00 / 100G,,, Add to cart , Save to list 
Mingle Curry Spice Blend 30g,https://www.woolworths.com.au/shop/productdetails/68621/mingle-curry-spice-blend,https://assets.woolworths.com.au/images/1005/68621.jpg?impolicy=wowsmkqiema&w=260&h=260,$2.60,$0.87 / 10G,,, Add to cart , Save to list 
Aeroplane Natural Colours & Flavours Raspberry Flavoured Jelly 85g,https://www.woolworths.com.au/shop/productdetails/310375/aeroplane-natural-colours-flavours-raspberry-flavoured-jelly,https://assets.woolworths.com.au/images/1005/310375.jpg?impolicy=wowsmkqiema&w=260&h=260,$1.40,$1.65 / 100G,,, Add to cart , Save to list 
Cobram Estate Garlic & Onion Infused Extra Virgin Olive Oil 250ml,https://www.woolworths.com.au/shop/productdetails/137502/cobram-estate-garlic-onion-infused-extra-virgin-olive-oil,https://assets.woolworths.com.au/images/1005/137502.jpg?impolicy=wowsmkqiema&w=260&h=260,$6.90,$2.76 / 100ML,,, Add to cart , Save to list 
Crisco Vegetable Blended Oil 2l,https://www.woolworths.com.au/shop/productdetails/33311/crisco-vegetable-blended-oil,https://assets.woolworths.com.au/images/1005/33311.jpg?impolicy=wowsmkqiema&w=260&h=260,$10.00,$0.50 / 100ML,,, Add to cart , Save to list 
Dole Premium Tropical Pineapple Chunks In Syrup 439g,https://www.woolworths.com.au/shop/productdetails/841349/dole-premium-tropical-pineapple-chunks-in-syrup,https://assets.woolworths.com.au/images/1005/841349.jpg?impolicy=wowsmkqiema&w=260&h=260,$3.00,$6.83 / 1KG,,, Add to cart , Save to list 
Lavazza Qualita Rossa Beans 1kg,https://www.woolworths.com.au/shop/productdetails/28404/lavazza-qualita-rossa-beans,https://assets.woolworths.com.au/images/1005/28404.jpg?impolicy=wowsmkqiema&w=260&h=260,$19.60,$1.96 / 100G,,, Add to cart , Save to list 
Macro Organic Olives Whole Greek Kalamata 350g,https://www.woolworths.com.au/shop/productdetails/690366/macro-organic-olives-whole-greek-kalamata,https://assets.woolworths.com.au/images/1005/690366.jpg?impolicy=wowsmkqiema&w=260&h=260,$3.30,$9.43 / 1KG,4.2,1683, Add to cart , Save to list 
Mccormick Organic Garlic Powder 17g,https://www.woolworths.com.au/shop/productdetails/58553/mccormick-organic-garlic-powder,https://assets.woolworths.com.au/images/1005/58553.jpg?impolicy=wowsmkqiema&w=260&h=260,$2.75,$1.62 / 10G,,, Add to cart , Save to list 
Farmers Harvest Vegetable Oil 4l,https://www.woolworths.com.au/shop/productdetails/135496/farmers-harvest-vegetable-oil,https://assets.woolworths.com.au/images/1005/135496.jpg?impolicy=wowsmkqiema&w=260&h=260,$36.00,$0.90 / 100ML,5.0,1, Add to cart , Save to list 
Goulburn Valley Fruit Salad In Juice 700g,https://www.woolworths.com.au/shop/productdetails/784112/goulburn-valley-fruit-salad-in-juice,https://assets.woolworths.com.au/images/1005/784112.jpg?impolicy=wowsmkqiema&w=260&h=260,$4.60,$6.57 / 1KG,,, Add to cart , Save to list 
Green's Pudding Traditional Sticky Date 260g,https://www.woolworths.com.au/shop/productdetails/227571/green-s-pudding-traditional-sticky-date,https://assets.woolworths.com.au/images/1005/227571.jpg?impolicy=wowsmkqiema&w=260&h=260,$3.00,$1.15 / 100G,,, Add to cart , Save to list 
Hubbards Raspberry  & Coconut Toasted Granola 450g,https://www.woolworths.com.au/shop/productdetails/150504/hubbards-raspberry-coconut-toasted-granola,https://assets.woolworths.com.au/images/1005/150504.jpg?impolicy=wowsmkqiema&w=260&h=260,$5.00,$1.11 / 100G,,, Add to cart , Save to list 
Jordans Granola Low Sugar Cherry Almond 500g,https://www.woolworths.com.au/shop/productdetails/810344/jordans-granola-low-sugar-cherry-almond,https://assets.woolworths.com.au/images/1005/810344.jpg?impolicy=wowsmkqiema&w=260&h=260,$4.25,$0.85 / 100G,,, Add to cart , Save to list 
Mr Chen's Ramen Noodles 270g,https://www.woolworths.com.au/shop/productdetails/234407/mr-chen-s-ramen-noodles,https://assets.woolworths.com.au/images/1005/234407.jpg?impolicy=wowsmkqiema&w=260&h=260,$3.00,$1.11 / 100G,,, Add to cart , Save to list 
Nescafe Gold Orginal Soluble Instant Coffee 100g,https://www.woolworths.com.au/shop/productdetails/687035/nescafe-gold-orginal-soluble-instant-coffee,https://assets.woolworths.com.au/images/1005/687035.jpg?impolicy=wowsmkqiema&w=260&h=260,$11.50,$11.50 / 100G,,, Add to cart , Save to list 
Woolworths Honey Quick Oats Sachets 12 Pack,https://www.woolworths.com.au/shop/productdetails/739484/woolworths-honey-quick-oats-sachets,https://assets.woolworths.com.au/images/1005/739484.jpg?impolicy=wowsmkqiema&w=260&h=260,$3.30,$0.79 / 100G,4.3,367, Add to cart , Save to list 
Betty Crocker Chocolate Fudge Cake Mix 540g,https://www.woolworths.com.au/shop/productdetails/760440/betty-crocker-chocolate-fudge-cake-mix,https://assets.woolworths.com.au/images/1005/760440.jpg?impolicy=wowsmkqiema&w=260&h=260,$4.50,$0.83 / 100G,5.0,1, Add to cart , Save to list 
Hart & Soul All Natural Supergrain Teriyaki Chicken 250g,https://www.woolworths.com.au/shop/productdetails/86852/hart-soul-all-natural-supergrain-teriyaki-chicken,https://assets.woolworths.com.au/images/1005/86852.jpg?impolicy=wowsmkqiema&w=260&h=260,$5.50,$2.20 / 100G,,, Add to cart , Save to list 
Kushi Cake Rusk 400g,https://www.woolworths.com.au/shop/productdetails/57488/kushi-cake-rusk,https://assets.woolworths.com.au/images/1005/57488.jpg?impolicy=wowsmkqiema&w=260&h=260,$4.50,$1.13 / 100G,,, Add to cart , Save to list 
Le Phare Du Cap Bon Harissa Tube 70g,https://www.woolworths.com.au/shop/productdetails/893028/le-phare-du-cap-bon-harissa-tube,https://assets.woolworths.com.au/images/1005/893028.jpg?impolicy=wowsmkqiema&w=260&h=260,$2.60,$0.37 / 10G,,, Add to cart , Save to list 
Masterfoods Australian Mustard 175g,https://www.woolworths.com.au/shop/productdetails/32901/masterfoods-australian-mustard,https://assets.woolworths.com.au/images/1005/32901.jpg?impolicy=wowsmkqiema&w=260&h=260,$4.00,$2.29 / 100G,,, Add to cart , Save to list 
Shimaya Bonito Soup Stock 50g,https://www.woolworths.com.au/shop/productdetails/364436/shimaya-bonito-soup-stock,https://assets.woolworths.com.au/images/1005/364436.jpg?impolicy=wowsmkqiema&w=260&h=260,$3.25,$0.65 / 10G,,, Add to cart , Save to list 
Green's Vanilla Mud Cake Mix 600g,https://www.woolworths.com.au/shop/productdetails/661633/green-s-vanilla-mud-cake-mix,https://assets.woolworths.com.au/images/1005/661633.jpg?impolicy=wowsmkqiema&w=260&h=260,$4.50,$0.75 / 100G,,, Add to cart , Save to list 
Lavazza Qualita Oro Ground Coffee 500g,https://www.woolworths.com.au/shop/productdetails/86917/lavazza-qualita-oro-ground-coffee,https://assets.woolworths.com.au/images/1005/86917.jpg?impolicy=wowsmkqiema&w=260&h=260,$14.00,$2.80 / 100G,,, Add to cart , Save to list 
Masterfoods One Pan Rice Indonesian Style Fried Rice 250g,https://www.woolworths.com.au/shop/productdetails/219891/masterfoods-one-pan-rice-indonesian-style-fried-rice,https://assets.woolworths.com.au/images/1005/219891.jpg?impolicy=wowsmkqiema&w=260&h=260,$4.00,$1.60 / 100G,,, Add to cart , Save to list 
Our Mate Yeast Extract 125g,https://www.woolworths.com.au/shop/productdetails/236531/our-mate-yeast-extract,https://assets.woolworths.com.au/images/1005/236531.jpg?impolicy=wowsmkqiema&w=260&h=260,$4.90,$3.92 / 100G,,, Add to cart , Save to list 
Beerenberg Coopers Ale Sauce Each,https://www.woolworths.com.au/shop/productdetails/302231/beerenberg-coopers-ale-sauce,https://assets.woolworths.com.au/images/1005/302231.jpg?impolicy=wowsmkqiema&w=260&h=260,$6.50,$2.17 / 100ML,,, Add to cart , Save to list 
Mckenzie's Beans Red Kidney 375g,https://www.woolworths.com.au/shop/productdetails/73954/mckenzie-s-beans-red-kidney,https://assets.woolworths.com.au/images/1005/73954.jpg?impolicy=wowsmkqiema&w=260&h=260,$2.60,$0.69 / 100G,,, Add to cart , Save to list 
Nescafe Coffee Sachets Skim Cappuccino 26 Pack,https://www.woolworths.com.au/shop/productdetails/549626/nescafe-coffee-sachets-skim-cappuccino-skim-cappucino,https://assets.woolworths.com.au/images/1005/549626.jpg?impolicy=wowsmkqiema&w=260&h=260,$11.00,$0.42 / 1EA,,, Add to cart , Save to list 
Nissin Ramen Hokkaido Miso 5 Pack,https://www.woolworths.com.au/shop/productdetails/67154/nissin-ramen-hokkaido-miso,https://assets.woolworths.com.au/images/1005/67154.jpg?impolicy=wowsmkqiema&w=260&h=260,$6.20,$1.17 / 100G,,, Add to cart , Save to list 
Spc Baked Beans Rich Tomato & Vegemite 220g X 4 Pack,https://www.woolworths.com.au/shop/productdetails/221497/spc-baked-beans-rich-tomato-vegemite,https://assets.woolworths.com.au/images/1005/221497.jpg?impolicy=wowsmkqiema&w=260&h=260,$5.00,$0.57 / 100G,,, Add to cart , Save to list 
Beerenberg Hot Tomato Chutney 260g,https://www.woolworths.com.au/shop/productdetails/4412/beerenberg-hot-tomato-chutney,https://assets.woolworths.com.au/images/1005/4412.jpg?impolicy=wowsmkqiema&w=260&h=260,$5.50,$2.12 / 100G,,, Add to cart , Save to list 
Freedom Active Balance Fruit & Seeds Muesli Cereal 500g,https://www.woolworths.com.au/shop/productdetails/223714/freedom-active-balance-fruit-seeds-muesli-cereal,https://assets.woolworths.com.au/images/1005/223714.jpg?impolicy=wowsmkqiema&w=260&h=260,$4.50,$0.90 / 100G,,, Add to cart , Save to list 
Macro Organic Crunchy Peanut Butter 375g,https://www.woolworths.com.au/shop/productdetails/553058/macro-organic-crunchy-peanut-butter,https://assets.woolworths.com.au/images/1005/553058.jpg?impolicy=wowsmkqiema&w=260&h=260,$6.00,$1.60 / 100G,,, Add to cart , Save to list 
Masterfoods Smokey Chipotle No Rules Sauce 250ml,https://www.woolworths.com.au/shop/productdetails/238293/masterfoods-smokey-chipotle-no-rules-sauce,https://assets.woolworths.com.au/images/1005/238293.jpg?impolicy=wowsmkqiema&w=260&h=260,$4.80,$1.92 / 100ML,,, Add to cart , Save to list 
Old El Paso Tortilla Pockets Kit Sweet & Smoky Bbq 380g,https://www.woolworths.com.au/shop/productdetails/169838/old-el-paso-tortilla-pockets-kit-sweet-smoky-bbq,https://assets.woolworths.com.au/images/1005/169838.jpg?impolicy=wowsmkqiema&w=260&h=260,$6.65,$1.75 / 100G,,, Add to cart , Save to list 
Rosella Aristocrat Onions Cocktail Green 150g,https://www.woolworths.com.au/shop/productdetails/32374/rosella-aristocrat-onions-cocktail-green,https://assets.woolworths.com.au/images/1005/32374.jpg?impolicy=wowsmkqiema&w=260&h=260,$2.50,$16.67 / 1KG,,, Add to cart , Save to list 
V-soy Milk-multi Grain 300ml,https://www.woolworths.com.au/shop/productdetails/829216/v-soy-milk-multi-grain,https://assets.woolworths.com.au/images/1005/829216.jpg?impolicy=wowsmkqiema&w=260&h=260,$1.30,$0.43 / 100ML,,, Add to cart , Save to list 
Woolworths Peppercorn Sauce 200g,https://www.woolworths.com.au/shop/productdetails/182813/woolworths-peppercorn-sauce,https://assets.woolworths.com.au/images/1005/182813.jpg?impolicy=wowsmkqiema&w=260&h=260,,,4.0,479,, Save to list 
Coco Earth Yellow Dahl With Long Grain Rice 400g,https://www.woolworths.com.au/shop/productdetails/95942/coco-earth-yellow-dahl-with-long-grain-rice,https://assets.woolworths.com.au/images/1005/95942.jpg?impolicy=wowsmkqiema&w=260&h=260,$6.00,$1.50 / 100G,,, Add to cart , Save to list 
Cornish Salt Co Sea Salt Flakes 150g,https://www.woolworths.com.au/shop/productdetails/85821/cornish-salt-co-sea-salt-flakes,https://assets.woolworths.com.au/images/1005/85821.jpg?impolicy=wowsmkqiema&w=260&h=260,$5.50,$0.37 / 10G,,, Add to cart , Save to list 
Dollar Sweets Piping Bag Kit Each,https://www.woolworths.com.au/shop/productdetails/68823/dollar-sweets-piping-bag-kit,https://assets.woolworths.com.au/images/1005/68823.jpg?impolicy=wowsmkqiema&w=260&h=260,$3.50,$3.50 / 1EA,,, Add to cart , Save to list 
Higher Living Organic Sweet Chai Tea Bags 15 Pack,https://www.woolworths.com.au/shop/productdetails/227465/higher-living-organic-sweet-chai-tea-bags,https://assets.woolworths.com.au/images/1005/227465.jpg?impolicy=wowsmkqiema&w=260&h=260,$4.40,$0.29 / 1EA,,, Add to cart , Save to list 
Spring Gully Pickles Green Tomato 415g,https://www.woolworths.com.au/shop/productdetails/195294/spring-gully-pickles-green-tomato,https://assets.woolworths.com.au/images/1005/195294.jpg?impolicy=wowsmkqiema&w=260&h=260,$3.85,$9.28 / 1KG,,, Add to cart , Save to list 
La Costena Chipotle Sauce 220g,https://www.woolworths.com.au/shop/productdetails/801530/la-costena-chipotle-sauce,https://assets.woolworths.com.au/images/1005/801530.jpg?impolicy=wowsmkqiema&w=260&h=260,$5.00,$2.27 / 100G,,, Add to cart , Save to list 
Good By Grove Avocado Oil 500ml,https://www.woolworths.com.au/shop/productdetails/137537/good-by-grove-good-by-grove-avocado-oil,https://assets.woolworths.com.au/images/1005/137537.jpg?impolicy=wowsmkqiema&w=260&h=260,$12.00,$2.40 / 100ML,,, Add to cart , Save to list 
Pandaroo Drinks Coconut Water 310ml,https://www.woolworths.com.au/shop/productdetails/702389/pandaroo-drinks-coconut-water,https://assets.woolworths.com.au/images/1005/702389.jpg?impolicy=wowsmkqiema&w=260&h=260,,,,,, Save to list 
L'or Espresso Papua New Guinea Intensity 7 Coffee Capsules 10 Pack,https://www.woolworths.com.au/shop/productdetails/604173/l-or-espresso-papua-new-guinea-intensity-7-coffee-capsules,https://assets.woolworths.com.au/images/1005/604173.jpg?impolicy=wowsmkqiema&w=260&h=260,$5.50,$0.55 / 1EA,,, Add to cart , Save to list 
Macro Dried Apricots 500g,https://www.woolworths.com.au/shop/productdetails/166882/macro-dried-apricots,https://assets.woolworths.com.au/images/1005/166882.jpg?impolicy=wowsmkqiema&w=260&h=260,$7.50,$15.00 / 1KG,3.9,553, Add to cart , Save to list 
Macro Natural Almond Kernels 250g,https://www.woolworths.com.au/shop/productdetails/235127/macro-natural-almond-kernels,https://assets.woolworths.com.au/images/1005/235127.jpg?impolicy=wowsmkqiema&w=260&h=260,$7.00,$28.00 / 1KG,4.6,247, Add to cart , Save to list 
Australia's Own Barista Oat Milk 1l,https://www.woolworths.com.au/shop/productdetails/272150/australia-s-own-barista-oat-milk,https://assets.woolworths.com.au/images/1005/272150.jpg?impolicy=wowsmkqiema&w=260&h=260,$4.50,$4.50 / 1L,,, Add to cart , Save to list 
Maggi 2 Minute Noodles Spicy Chicken 5 Pack,https://www.woolworths.com.au/shop/productdetails/133346/maggi-2-minute-noodles-spicy-chicken,https://assets.woolworths.com.au/images/1005/133346.jpg?impolicy=wowsmkqiema&w=260&h=260,$5.00,$1.32 / 100G,,, Add to cart , Save to list 
No Nasties Fruity 50% Less Sugar Fruity Loops Cereal 285g,https://www.woolworths.com.au/shop/productdetails/242357/no-nasties-fruity-50-less-sugar-fruity-loops-cereal,https://assets.woolworths.com.au/images/1005/242357.jpg?impolicy=wowsmkqiema&w=260&h=260,$4.30,$1.51 / 100G,,, Add to cart , Save to list 
Coco Earth Premium Liquid Coconut Oil 500ml,https://www.woolworths.com.au/shop/productdetails/937713/coco-earth-premium-liquid-coconut-oil,https://assets.woolworths.com.au/images/1005/937713.jpg?impolicy=wowsmkqiema&w=260&h=260,$13.00,$2.60 / 100ML,,, Add to cart , Save to list 
L'or Espresso Vanilla Capsules 10 Pack,https://www.woolworths.com.au/shop/productdetails/214141/l-or-espresso-vanilla-capsules,https://assets.woolworths.com.au/images/1005/214141.jpg?impolicy=wowsmkqiema&w=260&h=260,$5.50,$0.55 / 1EA,,, Add to cart , Save to list 
Lao Gan Ma Chilli Paste Crispy Peanut 210g,https://www.woolworths.com.au/shop/productdetails/857199/lao-gan-ma-chilli-paste-crispy-peanut,https://assets.woolworths.com.au/images/1005/857199.jpg?impolicy=wowsmkqiema&w=260&h=260,$4.40,$2.10 / 100G,,, Add to cart , Save to list 
Ainsley Harriot Cous Cous Tomato & Garlic 100g,https://www.woolworths.com.au/shop/productdetails/450544/ainsley-harriot-cous-cous-tomato-garlic,https://assets.woolworths.com.au/images/1005/450544.jpg?impolicy=wowsmkqiema&w=260&h=260,$2.60,$2.60 / 100G,,, Add to cart , Save to list 
Cockatoo Grove Organic Australian Extra Virgin Olive Oil Classic 750ml,https://www.woolworths.com.au/shop/productdetails/182845/cockatoo-grove-organic-australian-extra-virgin-olive-oil-classic,https://assets.woolworths.com.au/images/1005/182845.jpg?impolicy=wowsmkqiema&w=260&h=260,$14.00,$1.87 / 100ML,,, Add to cart , Save to list 
Green's Scroll Mix Tomato & Olive Mix 500g,https://www.woolworths.com.au/shop/productdetails/143233/green-s-scroll-mix-tomato-olive-mix,https://assets.woolworths.com.au/images/1005/143233.jpg?impolicy=wowsmkqiema&w=260&h=260,$5.00,$10.00 / 1KG,,, Add to cart , Save to list 
Harris Coffee Ground Strong 1kg,https://www.woolworths.com.au/shop/productdetails/91149/harris-coffee-ground-strong,https://assets.woolworths.com.au/images/1005/91149.jpg?impolicy=wowsmkqiema&w=260&h=260,$26.00,$2.60 / 100G,,, Add to cart , Save to list 
Il Molino Chiavazza Farino Flour 1kg,https://www.woolworths.com.au/shop/productdetails/608475/il-molino-chiavazza-farino-flour,https://assets.woolworths.com.au/images/1005/608475.jpg?impolicy=wowsmkqiema&w=260&h=260,$3.50,$3.50 / 1KG,4.8,181, Add to cart , Save to list 
Moccona Freeze Dried Instant Coffee French Style 200g,https://www.woolworths.com.au/shop/productdetails/341165/moccona-freeze-dried-instant-coffee-french-style,https://assets.woolworths.com.au/images/1005/341165.jpg?impolicy=wowsmkqiema&w=260&h=260,$12.50,$6.25 / 100G,,, Add to cart , Save to list 
Maggi Airfryer Seasoned Coating Crispy Japanese Style 45g,https://www.woolworths.com.au/shop/productdetails/231600/maggi-airfryer-seasoned-coating-crispy-japanese-style,https://assets.woolworths.com.au/images/1005/231600.jpg?impolicy=wowsmkqiema&w=260&h=260,$2.50,$0.56 / 10G,,, Add to cart , Save to list 
Noshu 99% Sugar Free Low Carb Pancake Mix 240g,https://www.woolworths.com.au/shop/productdetails/84629/noshu-99-sugar-free-low-carb-pancake-mix,https://assets.woolworths.com.au/images/1005/84629.jpg?impolicy=wowsmkqiema&w=260&h=260,$6.40,$2.67 / 100G,,, Add to cart , Save to list 
L'or Espresso Onyx Intensity 12 Coffee Capsules 40 Pack,https://www.woolworths.com.au/shop/productdetails/90979/l-or-espresso-onyx-intensity-12-coffee-capsules,https://assets.woolworths.com.au/images/1005/90979.jpg?impolicy=wowsmkqiema&w=260&h=260,$22.00,$0.55 / 1EA,,, Add to cart , Save to list 
Mckenzie's Coconut Shredded Loose 215g,https://www.woolworths.com.au/shop/productdetails/782242/mckenzie-s-coconut-shredded-loose,https://assets.woolworths.com.au/images/1005/782242.jpg?impolicy=wowsmkqiema&w=260&h=260,$3.60,$16.74 / 1KG,,, Add to cart , Save to list 
Noshu 97% Sugar Free Protein Pancake Mix 200g,https://www.woolworths.com.au/shop/productdetails/114578/noshu-97-sugar-free-protein-pancake-mix,https://assets.woolworths.com.au/images/1005/114578.jpg?impolicy=wowsmkqiema&w=260&h=260,$6.40,$3.20 / 100G,,, Add to cart , Save to list 
Batchelors Mushy Peas Canned Chip Shop 300g,https://www.woolworths.com.au/shop/productdetails/303266/batchelors-mushy-peas-canned-chip-shop,https://assets.woolworths.com.au/images/1005/303266.jpg?impolicy=wowsmkqiema&w=260&h=260,$2.90,$0.97 / 100G,,, Add to cart , Save to list 
Capilano 100% Pure Australian Creamed Honey Tub 500g,https://www.woolworths.com.au/shop/productdetails/14039/capilano-100-pure-australian-creamed-honey-tub,https://assets.woolworths.com.au/images/1005/14039.jpg?impolicy=wowsmkqiema&w=260&h=260,$8.80,$1.76 / 100G,,, Add to cart , Save to list 
Crisco Canola Oil 2l,https://www.woolworths.com.au/shop/productdetails/2633/crisco-canola-oil,https://assets.woolworths.com.au/images/1005/2633.jpg?impolicy=wowsmkqiema&w=260&h=260,$10.00,$0.50 / 100ML,,, Add to cart , Save to list 
Hart & Soul Panang Curry 250g,https://www.woolworths.com.au/shop/productdetails/805178/hart-soul-panang-curry,https://assets.woolworths.com.au/images/1005/805178.jpg?impolicy=wowsmkqiema&w=260&h=260,,,,,, Save to list 
L'or Espresso Chocolate Capsules 10 Pack,https://www.woolworths.com.au/shop/productdetails/213434/l-or-espresso-chocolate-capsules,https://assets.woolworths.com.au/images/1005/213434.jpg?impolicy=wowsmkqiema&w=260&h=260,$5.50,$0.55 / 1EA,,, Add to cart , Save to list 
Noshu 95% Sugar Free White Choc Baking Chips 150g,https://www.woolworths.com.au/shop/productdetails/28907/noshu-95-sugar-free-white-choc-baking-chips,https://assets.woolworths.com.au/images/1005/28907.jpg?impolicy=wowsmkqiema&w=260&h=260,$4.60,$3.07 / 100G,,, Add to cart , Save to list 
Betty Crocker Devils Food Cake Cake Mix 540g,https://www.woolworths.com.au/shop/productdetails/760459/betty-crocker-devils-food-cake-cake-mix,https://assets.woolworths.com.au/images/1005/760459.jpg?impolicy=wowsmkqiema&w=260&h=260,,,,,, Save to list 
Caffe Aurora Freeze Dried Coffee Italian Style 100g,https://www.woolworths.com.au/shop/productdetails/175462/caffe-aurora-freeze-dried-coffee-italian-style,https://assets.woolworths.com.au/images/1005/175462.jpg?impolicy=wowsmkqiema&w=260&h=260,$7.00,$7.00 / 100G,,, Add to cart , Save to list 
Jamie Oliver Italian Herb Pesto Italian Herb 190g,https://www.woolworths.com.au/shop/productdetails/724090/jamie-oliver-italian-herb-pesto-italian-herb,https://assets.woolworths.com.au/images/1005/724090.jpg?impolicy=wowsmkqiema&w=260&h=260,$4.50,$2.37 / 100G,,, Add to cart , Save to list 
Lighthouse Wholemeal Plain Flour For Bread Pizza & Tortilla 1kg,https://www.woolworths.com.au/shop/productdetails/820127/lighthouse-wholemeal-plain-flour-for-bread-pizza-tortilla,https://assets.woolworths.com.au/images/1005/820127.jpg?impolicy=wowsmkqiema&w=260&h=260,$3.85,$3.85 / 1KG,,, Add to cart , Save to list 
Sweet Baby Ray's Honey Bbq Sauce 425ml,https://www.woolworths.com.au/shop/productdetails/60469/sweet-baby-ray-s-honey-bbq-sauce,https://assets.woolworths.com.au/images/1005/60469.jpg?impolicy=wowsmkqiema&w=260&h=260,$7.20,$1.69 / 100ML,,, Add to cart , Save to list 
Westmont Pickles Chilli 500g,https://www.woolworths.com.au/shop/productdetails/7368/westmont-pickles-chilli,https://assets.woolworths.com.au/images/1005/7368.jpg?impolicy=wowsmkqiema&w=260&h=260,$6.50,$1.30 / 100G,,, Add to cart , Save to list 
Aeroplane Natural Colours & Flavours Strawberry Flavoured Jelly 85g,https://www.woolworths.com.au/shop/productdetails/310379/aeroplane-natural-colours-flavours-strawberry-flavoured-jelly,https://assets.woolworths.com.au/images/1005/310379.jpg?impolicy=wowsmkqiema&w=260&h=260,$1.40,$1.65 / 100G,,, Add to cart , Save to list 
Ainsley Harriot Cous Cous Spice Sensation 100g,https://www.woolworths.com.au/shop/productdetails/479743/ainsley-harriot-cous-cous-spice-sensation,https://assets.woolworths.com.au/images/1005/479743.jpg?impolicy=wowsmkqiema&w=260&h=260,$2.60,$2.60 / 100G,,, Add to cart , Save to list 
Mission Tortilla Triangles Taco 400g,https://www.woolworths.com.au/shop/productdetails/265403/mission-tortilla-triangles-taco,https://assets.woolworths.com.au/images/1005/265403.jpg?impolicy=wowsmkqiema&w=260&h=260,$5.60,$1.40 / 100G,,, Add to cart , Save to list 
Dollar Sweets Vanilla Bean Paste 95g,https://www.woolworths.com.au/shop/productdetails/182725/dollar-sweets-vanilla-bean-paste,https://assets.woolworths.com.au/images/1005/182725.jpg?impolicy=wowsmkqiema&w=260&h=260,$6.00,$6.32 / 100G,,, Add to cart , Save to list 
Jarrah Brazilian Café Latte Instant Coffee 250g,https://www.woolworths.com.au/shop/productdetails/254490/jarrah-brazilian-caf-latte-instant-coffee,https://assets.woolworths.com.au/images/1005/254490.jpg?impolicy=wowsmkqiema&w=260&h=260,$7.50,$3.00 / 100G,,, Add to cart , Save to list 
Bega Peanut Butter Super Crunchy 470g,https://www.woolworths.com.au/shop/productdetails/506995/bega-peanut-butter-super-crunchy,https://assets.woolworths.com.au/images/1005/506995.jpg?impolicy=wowsmkqiema&w=260&h=260,$6.40,$1.36 / 100G,,, Add to cart , Save to list 
Carman's Super Berry Muesli Blueberry & Goji Muesli 500g,https://www.woolworths.com.au/shop/productdetails/922530/carman-s-super-berry-muesli-blueberry-goji-muesli,https://assets.woolworths.com.au/images/1005/922530.jpg?impolicy=wowsmkqiema&w=260&h=260,$5.00,$1.00 / 100G,,, Add to cart , Save to list 
Lake Prespa Red Peppers Fire Roasted 1kg,https://www.woolworths.com.au/shop/productdetails/781425/lake-prespa-red-peppers-fire-roasted,https://assets.woolworths.com.au/images/1005/781425.jpg?impolicy=wowsmkqiema&w=260&h=260,$11.00,$11.00 / 1KG,,, Add to cart , Save to list 
Leggo's Providore D'italia Tomato & Basil Paste Triple Concentrate 130g,https://www.woolworths.com.au/shop/productdetails/150991/leggo-s-providore-d-italia-tomato-basil-paste-triple-concentrate,https://assets.woolworths.com.au/images/1005/150991.jpg?impolicy=wowsmkqiema&w=260&h=260,$2.50,$1.92 / 100G,,, Add to cart , Save to list 
Mogu Mogu Lychee Drink 1l,https://www.woolworths.com.au/shop/productdetails/66966/mogu-mogu-lychee-drink,https://assets.woolworths.com.au/images/1005/66966.jpg?impolicy=wowsmkqiema&w=260&h=260,$3.95,$3.95 / 1L,,, Add to cart , Save to list 
Nescafe Farmers Origins Capsules Brazil 10 Pack,https://www.woolworths.com.au/shop/productdetails/151242/nescafe-farmers-origins-capsules-brazil,https://assets.woolworths.com.au/images/1005/151242.jpg?impolicy=wowsmkqiema&w=260&h=260,$7.00,$0.70 / 1EA,,, Add to cart , Save to list 
Warheads Mega Showbag - 20pc,https://www.woolworths.com.au/shop/productdetails/1073908213/warheads-mega-showbag-20pc,https://assets.woolworths.com.au/images/1005/1073908213.jpg?impolicy=wowsmkqiema&w=260&h=260,$14.45,$14.45 / 1EA,,, Add to cart , Save to list 
Ayam San Choy Bao Sauce 210ml,https://www.woolworths.com.au/shop/productdetails/123048/ayam-san-choy-bao-sauce,https://assets.woolworths.com.au/images/1005/123048.jpg?impolicy=wowsmkqiema&w=260&h=260,$4.00,$1.90 / 100ML,,, Add to cart , Save to list 
Barilla Pesto Sauce Basilico Vegan 195g,https://www.woolworths.com.au/shop/productdetails/190944/barilla-pesto-sauce-basilico-vegan,https://assets.woolworths.com.au/images/1005/190944.jpg?impolicy=wowsmkqiema&w=260&h=260,$5.00,$2.56 / 100G,,, Add to cart , Save to list 
Beerenberg Blackberry Jam 300g,https://www.woolworths.com.au/shop/productdetails/326800/beerenberg-blackberry-jam,https://assets.woolworths.com.au/images/1005/326800.jpg?impolicy=wowsmkqiema&w=260&h=260,$5.70,$1.90 / 100G,,, Add to cart , Save to list 
Bushells Powdered Coffee Classic 200g,https://www.woolworths.com.au/shop/productdetails/478354/bushells-powdered-coffee-classic,https://assets.woolworths.com.au/images/1005/478354.jpg?impolicy=wowsmkqiema&w=260&h=260,$6.80,$3.40 / 100G,,, Add to cart , Save to list 
Fodmapped Chicken Lemon & Thyme Risotto 500g,https://www.woolworths.com.au/shop/productdetails/224793/fodmapped-chicken-lemon-thyme-risotto,https://assets.woolworths.com.au/images/1005/224793.jpg?impolicy=wowsmkqiema&w=260&h=260,$8.90,$1.78 / 100G,,, Add to cart , Save to list 
Mayver's Dark Roast Smooth Peanut Butter 375g,https://www.woolworths.com.au/shop/productdetails/575837/mayver-s-dark-roast-smooth-peanut-butter,https://assets.woolworths.com.au/images/1005/575837.jpg?impolicy=wowsmkqiema&w=260&h=260,$5.80,$1.55 / 100G,,, Add to cart , Save to list 
Old El Paso Black Beans 425g,https://www.woolworths.com.au/shop/productdetails/787277/old-el-paso-black-beans,https://assets.woolworths.com.au/images/1005/787277.jpg?impolicy=wowsmkqiema&w=260&h=260,$3.20,$0.75 / 100G,,, Add to cart , Save to list 
The Grove Gourmet Avocado Cold Pressed Oil 250ml,https://www.woolworths.com.au/shop/productdetails/180492/the-grove-gourmet-avocado-cold-pressed-oil,https://assets.woolworths.com.au/images/1005/180492.jpg?impolicy=wowsmkqiema&w=260&h=260,$12.00,$4.80 / 100ML,,, Add to cart , Save to list 
Csr All Natural Buttercream Icing Mix Chocolate 250g,https://www.woolworths.com.au/shop/productdetails/699576/csr-all-natural-buttercream-icing-mix-chocolate,https://assets.woolworths.com.au/images/1005/699576.jpg?impolicy=wowsmkqiema&w=260&h=260,$3.00,$1.20 / 100G,,, Add to cart , Save to list 
Kook A Krumb Panko Breadcrumbs 190g,https://www.woolworths.com.au/shop/productdetails/648312/kook-a-krumb-panko-breadcrumbs,https://assets.woolworths.com.au/images/1005/648312.jpg?impolicy=wowsmkqiema&w=260&h=260,$3.50,$1.84 / 100G,,, Add to cart , Save to list 
Madura Green Leaf Tea Organic 150g,https://www.woolworths.com.au/shop/productdetails/427885/madura-green-leaf-tea-organic,https://assets.woolworths.com.au/images/1005/427885.jpg?impolicy=wowsmkqiema&w=260&h=260,$7.10,$4.73 / 100G,,, Add to cart , Save to list 
Noshu 95% Sugar Free Milk Chocolate Melts 150g,https://www.woolworths.com.au/shop/productdetails/143478/noshu-95-sugar-free-milk-chocolate-melts,https://assets.woolworths.com.au/images/1005/143478.jpg?impolicy=wowsmkqiema&w=260&h=260,$5.60,$3.73 / 100G,,, Add to cart , Save to list 
Green's Temptations Choc Chip Buttermilk Pancake Shake 335g,https://www.woolworths.com.au/shop/productdetails/85049/green-s-temptations-choc-chip-buttermilk-pancake-shake,https://assets.woolworths.com.au/images/1005/85049.jpg?impolicy=wowsmkqiema&w=260&h=260,$4.50,$1.34 / 100G,,, Add to cart , Save to list 
Pg Tips Tea Bags 116g Each,https://www.woolworths.com.au/shop/productdetails/413707/pg-tips-tea-bags-116g,https://assets.woolworths.com.au/images/1005/413707.jpg?impolicy=wowsmkqiema&w=260&h=260,$6.00,$5.17 / 100G,,, Add to cart , Save to list 
Barkers Lemon Curd 400g,https://www.woolworths.com.au/shop/productdetails/161106/barker-s-lemon-curd,https://assets.woolworths.com.au/images/1005/161106.jpg?impolicy=wowsmkqiema&w=260&h=260,$6.30,$1.58 / 100G,,, Add to cart , Save to list 
Mingle Use Me On Everything All Natural Seasoning 50g,https://www.woolworths.com.au/shop/productdetails/169031/mingle-use-me-on-everything-all-natural-seasoning,https://assets.woolworths.com.au/images/1005/169031.jpg?impolicy=wowsmkqiema&w=260&h=260,$3.95,$0.79 / 10G,,, Add to cart , Save to list 
Macro Cacao Crunch Toppers 150g,https://www.woolworths.com.au/shop/productdetails/113177/macro-cacao-crunch-toppers,https://assets.woolworths.com.au/images/1005/113177.jpg?impolicy=wowsmkqiema&w=260&h=260,$4.00,$2.67 / 100G,3.7,628, Add to cart , Save to list 
Macro Organic Borlotti Beans No Added Salt 420g,https://www.woolworths.com.au/shop/productdetails/70271/macro-organic-borlotti-beans-no-added-salt,https://assets.woolworths.com.au/images/1005/70271.jpg?impolicy=wowsmkqiema&w=260&h=260,$1.50,$0.36 / 100G,3.8,1052, Add to cart , Save to list 
Aeroplane Natural Colours & Flavours Blackcurrant Flavoured Jelly 85g,https://www.woolworths.com.au/shop/productdetails/754525/aeroplane-natural-colours-flavours-blackcurrant-flavoured-jelly,https://assets.woolworths.com.au/images/1005/754525.jpg?impolicy=wowsmkqiema&w=260&h=260,$1.40,$1.65 / 100G,,, Add to cart , Save to list 
Farmers Harvest Sunflower Oil 4l,https://www.woolworths.com.au/shop/productdetails/135573/farmers-harvest-sunflower-oil,https://assets.woolworths.com.au/images/1005/135573.jpg?impolicy=wowsmkqiema&w=260&h=260,$36.00,$0.90 / 100ML,4.7,101, Add to cart , Save to list 
Macro Australian Currants 400g,https://www.woolworths.com.au/shop/productdetails/89759/macro-australian-currants,https://assets.woolworths.com.au/images/1005/89759.jpg?impolicy=wowsmkqiema&w=260&h=260,$6.00,$15.00 / 1KG,4.5,769, Add to cart , Save to list 
Masterfoods Chicken Casserole Slow Cook Recipe Base 175g,https://www.woolworths.com.au/shop/productdetails/323391/masterfoods-chicken-casserole-slow-cook-recipe-base,https://assets.woolworths.com.au/images/1005/323391.jpg?impolicy=wowsmkqiema&w=260&h=260,$2.80,$1.60 / 100G,,, Add to cart , Save to list 
Nestle Plaistowe 70% Cocoa Baking Chocolate Block 180g,https://www.woolworths.com.au/shop/productdetails/227127/nestle-plaistowe-70-cocoa-baking-chocolate-block,https://assets.woolworths.com.au/images/1005/227127.jpg?impolicy=wowsmkqiema&w=260&h=260,$5.00,$2.78 / 100G,,, Add to cart , Save to list 
Beerenberg Sweet Mustard Pickle 265g,https://www.woolworths.com.au/shop/productdetails/94330/beerenberg-sweet-mustard-pickle,https://assets.woolworths.com.au/images/1005/94330.jpg?impolicy=wowsmkqiema&w=260&h=260,$5.50,$2.08 / 100G,,, Add to cart , Save to list 
Green's Orange Poppyseed Cake Mix 580g,https://www.woolworths.com.au/shop/productdetails/324843/green-s-orange-poppyseed-cake-mix,https://assets.woolworths.com.au/images/1005/324843.jpg?impolicy=wowsmkqiema&w=260&h=260,$4.50,$0.78 / 100G,,, Add to cart , Save to list 
Hot Pot Casserole Base Savoury 80g,https://www.woolworths.com.au/shop/productdetails/36437/hot-pot-casserole-base-savoury,https://assets.woolworths.com.au/images/1005/36437.jpg?impolicy=wowsmkqiema&w=260&h=260,$2.99,$3.74 / 100G,,, Add to cart , Save to list 
Baxter's Caramelised Onion Relish 240g,https://www.woolworths.com.au/shop/productdetails/622091/baxter-s-caramelised-onion-relish,https://assets.woolworths.com.au/images/1005/622091.jpg?impolicy=wowsmkqiema&w=260&h=260,$5.00,$2.08 / 100G,,, Add to cart , Save to list 
Frey Dark Chocolate Block 0.85 100g,https://www.woolworths.com.au/shop/productdetails/526940/frey-dark-chocolate-block-0-85,https://assets.woolworths.com.au/images/1005/526940.jpg?impolicy=wowsmkqiema&w=260&h=260,$2.80,$2.80 / 100G,3.1,4096, Add to cart , Save to list 
Miso Tasty Sweet & Savoury Miso Sauce 100g,https://www.woolworths.com.au/shop/productdetails/121977/miso-tasty-sweet-savoury-miso-sauce,https://assets.woolworths.com.au/images/1005/121977.jpg?impolicy=wowsmkqiema&w=260&h=260,$3.00,$3.00 / 100G,,, Add to cart , Save to list 
Nescafe Double Shot Latte Sachets 10 Pack,https://www.woolworths.com.au/shop/productdetails/242067/nescafe-double-shot-latte-sachets,https://assets.woolworths.com.au/images/1005/242067.jpg?impolicy=wowsmkqiema&w=260&h=260,$7.60,$0.76 / 1EA,,, Add to cart , Save to list 
Buderim Dark Chocolate Coated Ginger 150g,https://www.woolworths.com.au/shop/productdetails/59315/buderim-dark-chocolate-coated-ginger,https://assets.woolworths.com.au/images/1005/59315.jpg?impolicy=wowsmkqiema&w=260&h=260,$5.20,$34.67 / 1KG,,, Add to cart , Save to list 
Creative Kitchen Soft White Ready To Roll Fondant 1kg,https://www.woolworths.com.au/shop/productdetails/785162/creative-kitchen-soft-white-ready-to-roll-fondant,https://assets.woolworths.com.au/images/1005/785162.jpg?impolicy=wowsmkqiema&w=260&h=260,$8.00,$0.80 / 100G,,, Add to cart , Save to list 
Freedom Classic Corn Flakes Cereal 270g,https://www.woolworths.com.au/shop/productdetails/224366/freedom-classic-corn-flakes-cereal,https://assets.woolworths.com.au/images/1005/224366.jpg?impolicy=wowsmkqiema&w=260&h=260,$4.00,$1.48 / 100G,,, Add to cart , Save to list 
Green's Gluten Free Golden Butter Cake Mix 470g,https://www.woolworths.com.au/shop/productdetails/929287/green-s-gluten-free-golden-butter-cake-mix,https://assets.woolworths.com.au/images/1005/929287.jpg?impolicy=wowsmkqiema&w=260&h=260,$4.50,$0.96 / 100G,,, Add to cart , Save to list 
Harris Coffee Ground Smooth 200g,https://www.woolworths.com.au/shop/productdetails/92218/harris-coffee-ground-smooth,https://assets.woolworths.com.au/images/1005/92218.jpg?impolicy=wowsmkqiema&w=260&h=260,$9.50,$4.75 / 100G,,, Add to cart , Save to list 
Mayver's Smunchy Protein Plus 5 Seeds Peanut Butter 375g,https://www.woolworths.com.au/shop/productdetails/679383/mayver-s-smunchy-protein-plus-5-seeds-peanut-butter,https://assets.woolworths.com.au/images/1005/679383.jpg?impolicy=wowsmkqiema&w=260&h=260,$6.50,$1.73 / 100G,,, Add to cart , Save to list 
Nando's Garlic Medium Peri-peri Chilli Sauce 250g,https://www.woolworths.com.au/shop/productdetails/166920/nando-s-garlic-medium-peri-peri-chilli-sauce,https://assets.woolworths.com.au/images/1005/166920.jpg?impolicy=wowsmkqiema&w=260&h=260,$6.80,$2.72 / 100G,,, Add to cart , Save to list 
Nescafe Gold Decaffeinated Instant Coffee 100g,https://www.woolworths.com.au/shop/productdetails/687063/nescafe-gold-decaffeinated-instant-coffee,https://assets.woolworths.com.au/images/1005/687063.jpg?impolicy=wowsmkqiema&w=260&h=260,$13.50,$13.50 / 100G,,, Add to cart , Save to list 
Vittoria Coffee Decaffinated Coffee Bags 20 Pack,https://www.woolworths.com.au/shop/productdetails/222908/vittoria-coffee-decaffinated-coffee-bags,https://assets.woolworths.com.au/images/1005/222908.jpg?impolicy=wowsmkqiema&w=260&h=260,$13.50,$0.68 / 1EA,5.0,1, Add to cart , Save to list 
Well & Good Gluten Free Choc Fudge Brownie Mix 400g,https://www.woolworths.com.au/shop/productdetails/208976/well-good-gluten-free-choc-fudge-brownie-mix,https://assets.woolworths.com.au/images/1005/208976.jpg?impolicy=wowsmkqiema&w=260&h=260,,,,,, Save to list 
Blue Banner Onions Pickled 525g,https://www.woolworths.com.au/shop/productdetails/25087/blue-banner-onions-pickled,https://assets.woolworths.com.au/images/1005/25087.jpg?impolicy=wowsmkqiema&w=260&h=260,$6.50,$12.38 / 1KG,,, Add to cart , Save to list 
Katoomba Ingredients Yellow Split Peas 1kg,https://www.woolworths.com.au/shop/productdetails/753948/katoomba-ingredients-yellow-split-peas,https://assets.woolworths.com.au/images/1005/753948.jpg?impolicy=wowsmkqiema&w=260&h=260,$2.50,$0.25 / 100G,,, Add to cart , Save to list 
Saunders Malt Extract 1kg,https://www.woolworths.com.au/shop/productdetails/35176/saunders-malt-extract,https://assets.woolworths.com.au/images/1005/35176.jpg?impolicy=wowsmkqiema&w=260&h=260,$10.00,$1.00 / 100G,,, Add to cart , Save to list 
Zanae Dolmades Vine Leaves Stuffed With Rice 280g,https://www.woolworths.com.au/shop/productdetails/22733/zanae-dolmades-vine-leaves-stuffed-with-rice,https://assets.woolworths.com.au/images/1005/22733.jpg?impolicy=wowsmkqiema&w=260&h=260,$5.65,$20.18 / 1KG,,, Add to cart , Save to list 
Alfa One Rice Bran Oil 1l,https://www.woolworths.com.au/shop/productdetails/293543/alfa-one-rice-bran-oil,https://assets.woolworths.com.au/images/1005/293543.jpg?impolicy=wowsmkqiema&w=260&h=260,$9.00,$0.90 / 100ML,,, Add to cart , Save to list 
Baishanzu Shiitake Shallot Sauce 210g,https://www.woolworths.com.au/shop/productdetails/237369/baishanzu-shiitake-shallot-sauce,https://assets.woolworths.com.au/images/1005/237369.jpg?impolicy=wowsmkqiema&w=260&h=260,$3.00,$1.43 / 100G,,, Add to cart , Save to list 
Bakers Tennis Biscuits 200g,https://www.woolworths.com.au/shop/productdetails/270952/bakers-tennis-biscuits,https://assets.woolworths.com.au/images/1005/270952.jpg?impolicy=wowsmkqiema&w=260&h=260,$3.00,$1.50 / 100G,4.0,1, Add to cart , Save to list 
Hart & Soul Supergrain Butter Chicken 250g,https://www.woolworths.com.au/shop/productdetails/805108/hart-soul-supergrain-butter-chicken,https://assets.woolworths.com.au/images/1005/805108.jpg?impolicy=wowsmkqiema&w=260&h=260,$5.50,$2.20 / 100G,,, Add to cart , Save to list 
Masterfoods Side Dish Creamy Cheesy Potato Bake 175g,https://www.woolworths.com.au/shop/productdetails/323397/masterfoods-side-dish-creamy-cheesy-potato-bake,https://assets.woolworths.com.au/images/1005/323397.jpg?impolicy=wowsmkqiema&w=260&h=260,$2.80,$1.60 / 100G,,, Add to cart , Save to list 
Old El Paso Nacho Kit 505g,https://www.woolworths.com.au/shop/productdetails/61751/old-el-paso-nacho-kit,https://assets.woolworths.com.au/images/1005/61751.jpg?impolicy=wowsmkqiema&w=260&h=260,$6.00,$1.19 / 100G,,, Add to cart , Save to list 
Buddee Chocolate Spread 270g,https://www.woolworths.com.au/shop/productdetails/237565/buddee-chocolate-spread,https://assets.woolworths.com.au/images/1005/237565.jpg?impolicy=wowsmkqiema&w=260&h=260,$4.50,$1.67 / 100G,,, Add to cart , Save to list 
Carbonell Extra Virgin Olive Oil 1l,https://www.woolworths.com.au/shop/productdetails/220016/carbonell-extra-virgin-olive-oil,https://assets.woolworths.com.au/images/1005/220016.jpg?impolicy=wowsmkqiema&w=260&h=260,$14.00,$1.40 / 100ML,,, Add to cart , Save to list 
Continental Seasoning Sensations Recipe Base Spanish Paella 44g,https://www.woolworths.com.au/shop/productdetails/216926/continental-seasoning-sensations-recipe-base-spanish-paella,https://assets.woolworths.com.au/images/1005/216926.jpg?impolicy=wowsmkqiema&w=260&h=260,$2.75,$6.25 / 100G,,, Add to cart , Save to list 
Farmers Co. Bush Foods Breakfast Cereal 500g,https://www.woolworths.com.au/shop/productdetails/170793/farmers-co-bush-foods-breakfast-cereal,https://assets.woolworths.com.au/images/1005/170793.jpg?impolicy=wowsmkqiema&w=260&h=260,$5.50,$1.10 / 100G,,, Add to cart , Save to list 
Bertolli Extra Light Olive Oil Spray 132g,https://www.woolworths.com.au/shop/productdetails/745620/bertolli-extra-light-olive-oil-spray,https://assets.woolworths.com.au/images/1005/745620.jpg?impolicy=wowsmkqiema&w=260&h=260,$6.00,$4.55 / 100G,,, Add to cart , Save to list 
Kellogg's All-bran High Fibre Breakfast Cereal 350g,https://www.woolworths.com.au/shop/productdetails/171265/kelloggs-all-bran-high-fibre-breakfast-cereal,https://assets.woolworths.com.au/images/1005/171265.jpg?impolicy=wowsmkqiema&w=260&h=260,$6.00,$1.71 / 100G,,, Add to cart , Save to list 
Macro Almond Kernels 500g,https://www.woolworths.com.au/shop/productdetails/355118/macro-almond-kernels,https://assets.woolworths.com.au/images/1005/355118.jpg?impolicy=wowsmkqiema&w=260&h=260,$13.00,$26.00 / 1KG,4.8,321, Add to cart , Save to list 
Obento Ponzu Sauce 250ml,https://www.woolworths.com.au/shop/productdetails/626973/obento-ponzu-sauce,https://assets.woolworths.com.au/images/1005/626973.jpg?impolicy=wowsmkqiema&w=260&h=260,$1.65,$0.66 / 100ML,,, Add to cart , Save to list 
White Wings Pavlova Magic Mix Egg 125g,https://www.woolworths.com.au/shop/productdetails/38986/white-wings-pavlova-magic-mix-egg,https://assets.woolworths.com.au/images/1005/38986.jpg?impolicy=wowsmkqiema&w=260&h=260,$4.30,$3.44 / 100G,,, Add to cart , Save to list 
Beechworth 100% Pure Australian Honey Tub 1.5kg,https://www.woolworths.com.au/shop/productdetails/250371/beechworth-100-pure-australian-honey-tub,https://assets.woolworths.com.au/images/1005/250371.jpg?impolicy=wowsmkqiema&w=260&h=260,$22.00,$1.47 / 100G,5.0,2, Add to cart , Save to list 
Fix And Fogg Everything Butter 275g,https://www.woolworths.com.au/shop/productdetails/16677/fix-and-fogg-everything-butter,https://assets.woolworths.com.au/images/1005/16677.jpg?impolicy=wowsmkqiema&w=260&h=260,$6.90,$2.51 / 100G,,, Add to cart , Save to list 
Leggo's Organic Tomato Paste Tubs Triple Concentrate 140g X2 Pack,https://www.woolworths.com.au/shop/productdetails/88203/leggo-s-organic-tomato-paste-tubs-triple-concentrate,https://assets.woolworths.com.au/images/1005/88203.jpg?impolicy=wowsmkqiema&w=260&h=260,$4.20,$1.50 / 100G,,, Add to cart , Save to list 
"Campbell's Real Stock Flavour Boost Red Wine, Tomato & Basil 250ml",https://www.woolworths.com.au/shop/productdetails/235607/campbell-s-real-stock-flavour-boost-red-wine-tomato-basil,https://assets.woolworths.com.au/images/1005/235607.jpg?impolicy=wowsmkqiema&w=260&h=260,$4.00,$1.60 / 100ML,,, Add to cart , Save to list 
Carman's Wheat Free Australian Oats 500g,https://www.woolworths.com.au/shop/productdetails/208410/carman-s-wheat-free-australian-oats,https://assets.woolworths.com.au/images/1005/208410.jpg?impolicy=wowsmkqiema&w=260&h=260,$6.00,$1.20 / 100G,,, Add to cart , Save to list 
Lucky Natural Cashews 150g,https://www.woolworths.com.au/shop/productdetails/243736/lucky-natural-cashews,https://assets.woolworths.com.au/images/1005/243736.jpg?impolicy=wowsmkqiema&w=260&h=260,,,,,, Save to list 
Masterfoods Fennel Seed Whole 26g,https://www.woolworths.com.au/shop/productdetails/209986/masterfoods-fennel-seed-whole,https://assets.woolworths.com.au/images/1005/209986.jpg?impolicy=wowsmkqiema&w=260&h=260,$3.80,$1.46 / 10G,,, Add to cart , Save to list 
Woolworths Sweet Chilli Mayonnaise 250ml,https://www.woolworths.com.au/shop/productdetails/87830/woolworths-sweet-chilli-mayonnaise,https://assets.woolworths.com.au/images/1005/87830.jpg?impolicy=wowsmkqiema&w=260&h=260,$2.50,$1.00 / 100ML,4.5,16, Add to cart , Save to list 
Pandaroo Japanese Instant Miso Soup Spinach 12g,https://www.woolworths.com.au/shop/productdetails/702359/pandaroo-japanese-instant-miso-soup-spinach,https://assets.woolworths.com.au/images/1005/702359.jpg?impolicy=wowsmkqiema&w=260&h=260,$2.25,$18.75 / 100G,,, Add to cart , Save to list 
Carman's Oat Clusters Vanilla Cinnamon 750g,https://www.woolworths.com.au/shop/productdetails/64167/carman-s-oat-clusters-vanilla-cinnamon,https://assets.woolworths.com.au/images/1005/64167.jpg?impolicy=wowsmkqiema&w=260&h=260,$7.00,$0.93 / 100G,,, Add to cart , Save to list 
Laucke Crusty White Bread Mix 2.4kg,https://www.woolworths.com.au/shop/productdetails/252201/laucke-crusty-white-bread-mix,https://assets.woolworths.com.au/images/1005/252201.jpg?impolicy=wowsmkqiema&w=260&h=260,$10.90,$4.54 / 1KG,,, Add to cart , Save to list 
Maggi Chicken Chasseur Recipe Base 35g,https://www.woolworths.com.au/shop/productdetails/446477/maggi-chicken-chasseur-recipe-base,https://assets.woolworths.com.au/images/1005/446477.jpg?impolicy=wowsmkqiema&w=260&h=260,$1.75,$5.00 / 100G,,, Add to cart , Save to list 
Maharajah's Choice Ingredients Ghee Pure 300ml,https://www.woolworths.com.au/shop/productdetails/223725/maharajah-s-choice-ingredients-ghee-pure,https://assets.woolworths.com.au/images/1005/223725.jpg?impolicy=wowsmkqiema&w=260&h=260,$6.20,$2.07 / 100ML,,, Add to cart , Save to list 
Nexba Liquid Brekkie Rich Chocolate 3 Pack,https://www.woolworths.com.au/shop/productdetails/208019/nexba-liquid-brekkie-rich-chocolate,https://assets.woolworths.com.au/images/1005/208019.jpg?impolicy=wowsmkqiema&w=260&h=260,$5.00,$6.67 / 1L,,, Add to cart , Save to list 
Woolworths Canned Ham 340g,https://www.woolworths.com.au/shop/productdetails/647382/woolworths-canned-ham,https://assets.woolworths.com.au/images/1005/647382.jpg?impolicy=wowsmkqiema&w=260&h=260,$3.70,$10.88 / 1KG,2.5,438, Add to cart , Save to list 
25degrees South Ravioli Pumpkin Ricotta Chilled 325g,https://www.woolworths.com.au/shop/productdetails/214783/25degrees-south-ravioli-pumpkin-ricotta-chilled,https://assets.woolworths.com.au/images/1005/214783.jpg?impolicy=wowsmkqiema&w=260&h=260,$6.50,$2.00 / 100G,,, Add to cart , Save to list 
Ajishima Nori Furikake 50g,https://www.woolworths.com.au/shop/productdetails/805921/ajishima-nori-furikake,https://assets.woolworths.com.au/images/1005/805921.jpg?impolicy=wowsmkqiema&w=260&h=260,$2.90,$5.80 / 100G,,, Add to cart , Save to list 
Mckenzie's Oat Flour 250g,https://www.woolworths.com.au/shop/productdetails/820039/mckenzie-s-oat-flour,https://assets.woolworths.com.au/images/1005/820039.jpg?impolicy=wowsmkqiema&w=260&h=260,$4.00,$1.60 / 100G,,, Add to cart , Save to list 
Mogu Mogu Grape Drink 320ml,https://www.woolworths.com.au/shop/productdetails/66833/mogu-mogu-grape-drink,https://assets.woolworths.com.au/images/1005/66833.jpg?impolicy=wowsmkqiema&w=260&h=260,$1.75,$5.47 / 1L,,, Add to cart , Save to list 
Red Kellys Salad Dressing Caesar 250ml,https://www.woolworths.com.au/shop/productdetails/311907/red-kellys-salad-dressing-caesar,https://assets.woolworths.com.au/images/1005/311907.jpg?impolicy=wowsmkqiema&w=260&h=260,$4.80,$1.92 / 100ML,,, Add to cart , Save to list 
The Han Kitchen Budae Ramyun 4 Pack,https://www.woolworths.com.au/shop/productdetails/235063/han-kitchen-the-han-kitchen-budae-ramyun,https://assets.woolworths.com.au/images/1005/235063.jpg?impolicy=wowsmkqiema&w=260&h=260,$5.25,$1.10 / 100G,,, Add to cart , Save to list 
Woolworths Classic Olive Oil Spanish Classic 1l,https://www.woolworths.com.au/shop/productdetails/698863/woolworths-classic-olive-oil-spanish-classic,https://assets.woolworths.com.au/images/1005/698863.jpg?impolicy=wowsmkqiema&w=260&h=260,$10.00,$1.00 / 100ML,4.5,286, Add to cart , Save to list 
Frey Dark Chocolate Block 0.69 100g,https://www.woolworths.com.au/shop/productdetails/526840/frey-dark-chocolate-block-0-69,https://assets.woolworths.com.au/images/1005/526840.jpg?impolicy=wowsmkqiema&w=260&h=260,$2.80,$2.80 / 100G,4.4,817, Add to cart , Save to list 
Mama Pho Bo Beef Rice Noodle Bowl 65g,https://www.woolworths.com.au/shop/productdetails/750089/mama-pho-bo-beef-rice-noodle-bowl,https://assets.woolworths.com.au/images/1005/750089.jpg?impolicy=wowsmkqiema&w=260&h=260,$2.90,$4.46 / 100G,,, Add to cart , Save to list 
Masterfoods Dijonnaise Mustard 250g,https://www.woolworths.com.au/shop/productdetails/1563/masterfoods-dijonnaise-mustard,https://assets.woolworths.com.au/images/1005/1563.jpg?impolicy=wowsmkqiema&w=260&h=260,$4.00,$1.60 / 100G,,, Add to cart , Save to list 
Pandaroo Ingredients Mushroom Chinese Sliced 40g,https://www.woolworths.com.au/shop/productdetails/167884/pandaroo-ingredients-mushroom-chinese-sliced,https://assets.woolworths.com.au/images/1005/167884.jpg?impolicy=wowsmkqiema&w=260&h=260,$3.50,$87.50 / 1KG,,, Add to cart , Save to list 
Always Fresh Dolmades 280g,https://www.woolworths.com.au/shop/productdetails/198678/always-fresh-dolmades,https://assets.woolworths.com.au/images/1005/198678.jpg?impolicy=wowsmkqiema&w=260&h=260,$5.80,$20.71 / 1KG,,, Add to cart , Save to list 
Annalisa Organically Farmed 4 Bean Mix 400g,https://www.woolworths.com.au/shop/productdetails/58919/annalisa-organically-farmed-4-bean-mix,https://assets.woolworths.com.au/images/1005/58919.jpg?impolicy=wowsmkqiema&w=260&h=260,,,,,, Save to list 
Maharajah's Choice Ground Coriander Spice 250g,https://www.woolworths.com.au/shop/productdetails/433267/maharajah-s-choice-ground-coriander-spice,https://assets.woolworths.com.au/images/1005/433267.jpg?impolicy=wowsmkqiema&w=260&h=260,$2.50,$0.10 / 10G,,, Add to cart , Save to list 
Nescafe Iced Coffee Cappuccino Sachets 8 Pack,https://www.woolworths.com.au/shop/productdetails/178192/nescafe-iced-coffee-cappuccino-sachets,https://assets.woolworths.com.au/images/1005/178192.jpg?impolicy=wowsmkqiema&w=260&h=260,$7.60,$0.95 / 1EA,,, Add to cart , Save to list 
The Spice Tailor Spicy Tarka Lentil Daal 500g,https://www.woolworths.com.au/shop/productdetails/202926/the-spice-tailor-spicy-tarka-lentil-daal,https://assets.woolworths.com.au/images/1005/202926.jpg?impolicy=wowsmkqiema&w=260&h=260,$3.10,$0.62 / 100G,,, Add to cart , Save to list 
Vegeta Vegetable Stock Pot 4 Pack,https://www.woolworths.com.au/shop/productdetails/256866/vegeta-vegetable-stock-pot,https://assets.woolworths.com.au/images/1005/256866.jpg?impolicy=wowsmkqiema&w=260&h=260,$2.00,$0.18 / 10G,,, Add to cart , Save to list 
Angas Park Fruit Mix Salad 500g,https://www.woolworths.com.au/shop/productdetails/57242/angas-park-fruit-mix-salad,https://assets.woolworths.com.au/images/1005/57242.jpg?impolicy=wowsmkqiema&w=260&h=260,$10.00,$20.00 / 1KG,,, Add to cart , Save to list 
Ben's Original Lightly Flavoured Chilli Rice 250g,https://www.woolworths.com.au/shop/productdetails/244307/ben-s-original-lightly-flavoured-chilli-rice,https://assets.woolworths.com.au/images/1005/244307.jpg?impolicy=wowsmkqiema&w=260&h=260,$3.00,$1.20 / 100G,,, Add to cart , Save to list 
Buderim Ginger Bears 175g,https://www.woolworths.com.au/shop/productdetails/59525/buderim-ginger-bears,https://assets.woolworths.com.au/images/1005/59525.jpg?impolicy=wowsmkqiema&w=260&h=260,$5.50,$31.43 / 1KG,,, Add to cart , Save to list 
Campos Superior Ground Coffee 250g,https://www.woolworths.com.au/shop/productdetails/128377/campos-superior-ground-coffee,https://assets.woolworths.com.au/images/1005/128377.jpg?impolicy=wowsmkqiema&w=260&h=260,$16.00,$6.40 / 100G,,, Add to cart , Save to list 
Macro Organic Desiccated Coconut 250g,https://www.woolworths.com.au/shop/productdetails/188997/macro-organic-desiccated-coconut,https://assets.woolworths.com.au/images/1005/188997.jpg?impolicy=wowsmkqiema&w=260&h=260,$5.00,$20.00 / 1KG,,, Add to cart , Save to list 
Macro Organic Spicy Tomato Relish 250g,https://www.woolworths.com.au/shop/productdetails/193650/macro-organic-spicy-tomato-relish,https://assets.woolworths.com.au/images/1005/193650.jpg?impolicy=wowsmkqiema&w=260&h=260,$5.00,$2.00 / 100G,4.4,24, Add to cart , Save to list 
Moccona Caramel Latte Coffee Sachets 30 Pack,https://www.woolworths.com.au/shop/productdetails/176950/moccona-caramel-latte-coffee-sachets,https://assets.woolworths.com.au/images/1005/176950.jpg?impolicy=wowsmkqiema&w=260&h=260,$12.00,$0.40 / 1EA,,, Add to cart , Save to list 
Monini Grapeseed Oil 750ml,https://www.woolworths.com.au/shop/productdetails/807202/monini-grapeseed-oil,https://assets.woolworths.com.au/images/1005/807202.jpg?impolicy=wowsmkqiema&w=260&h=260,$13.50,$1.80 / 100ML,5.0,1, Add to cart , Save to list 
Nescafe Dolce Gusto Espresso Intenso Coffee Pods 16 Pack,https://www.woolworths.com.au/shop/productdetails/805950/nescafe-dolce-gusto-espresso-intenso-coffee-pods,https://assets.woolworths.com.au/images/1005/805950.jpg?impolicy=wowsmkqiema&w=260&h=260,$10.00,$0.63 / 1EA,,, Add to cart , Save to list 
Paldo Dosirac Beef Noodles 86g,https://www.woolworths.com.au/shop/productdetails/519454/paldo-dosirac-beef-noodles,https://assets.woolworths.com.au/images/1005/519454.jpg?impolicy=wowsmkqiema&w=260&h=260,$1.50,$1.74 / 100G,,, Add to cart , Save to list 
Spc 2 Fruits Sliced In Syrup Reduced Sugar Canned Fruit 400g,https://www.woolworths.com.au/shop/productdetails/232559/spc-2-fruits-sliced-in-syrup-reduced-sugar-canned-fruit,https://assets.woolworths.com.au/images/1005/232559.jpg?impolicy=wowsmkqiema&w=260&h=260,$3.00,$7.50 / 1KG,,, Add to cart , Save to list 
The Rice Company Japanese Sushi Rice 500g,https://www.woolworths.com.au/shop/productdetails/222416/trc-japanese-sushi-rice-500g-the-rice-company-japanese-sushi-rice,https://assets.woolworths.com.au/images/1005/222416.jpg?impolicy=wowsmkqiema&w=260&h=260,$5.00,$1.00 / 100G,,, Add to cart , Save to list 
Woolworths Hot Chip Gravy 200g,https://www.woolworths.com.au/shop/productdetails/182818/woolworths-hot-chip-gravy,https://assets.woolworths.com.au/images/1005/182818.jpg?impolicy=wowsmkqiema&w=260&h=260,$3.00,$1.50 / 100G,3.5,560, Add to cart , Save to list 
Beerenberg Blood Orange Marmalade 300g,https://www.woolworths.com.au/shop/productdetails/828149/beerenberg-blood-orange-marmalade,https://assets.woolworths.com.au/images/1005/828149.jpg?impolicy=wowsmkqiema&w=260&h=260,$5.70,$1.90 / 100G,,, Add to cart , Save to list 
Delicious Salted Caramel Sauce 200g,https://www.woolworths.com.au/shop/productdetails/242256/delicious-salted-caramel-sauce,https://assets.woolworths.com.au/images/1005/242256.jpg?impolicy=wowsmkqiema&w=260&h=260,$8.00,$4.00 / 100G,,, Add to cart , Save to list 
No Nasties Choc Hazelnut Spread 50% Less Sugar 350g,https://www.woolworths.com.au/shop/productdetails/237367/no-nasties-choc-hazelnut-spread-50-less-sugar,https://assets.woolworths.com.au/images/1005/237367.jpg?impolicy=wowsmkqiema&w=260&h=260,$6.20,$1.77 / 100G,,, Add to cart , Save to list 
Woolworths Plantitude Pad Thai Tofu With Noodles 350g,https://www.woolworths.com.au/shop/productdetails/72692/woolworths-plantitude-pad-thai-tofu-with-noodles,https://assets.woolworths.com.au/images/1005/72692.jpg?impolicy=wowsmkqiema&w=260&h=260,$5.00,$1.43 / 100G,2.7,201, Add to cart , Save to list 
Frank's Redhot Original Thick Hot Sauce 368ml,https://www.woolworths.com.au/shop/productdetails/169542/frank-s-redhot-original-thick-hot-sauce,https://assets.woolworths.com.au/images/1005/169542.jpg?impolicy=wowsmkqiema&w=260&h=260,$5.50,$1.49 / 100G,,, Add to cart , Save to list 
Green's Cake Mix Traditional Sultana 340g,https://www.woolworths.com.au/shop/productdetails/217506/green-s-cake-mix-traditional-sultana,https://assets.woolworths.com.au/images/1005/217506.jpg?impolicy=wowsmkqiema&w=260&h=260,$3.00,$0.88 / 100G,5.0,1, Add to cart , Save to list 
Maggi Airfryer Seasoned Coating Herbed French Style Roast 25g,https://www.woolworths.com.au/shop/productdetails/232534/maggi-airfryer-seasoned-coating-herbed-french-style-roast,https://assets.woolworths.com.au/images/1005/232534.jpg?impolicy=wowsmkqiema&w=260&h=260,$2.50,$1.00 / 10G,,, Add to cart , Save to list 
So Good High Protein Almond 1l,https://www.woolworths.com.au/shop/productdetails/171712/so-good-high-protein-almond,https://assets.woolworths.com.au/images/1005/171712.jpg?impolicy=wowsmkqiema&w=260&h=260,$3.40,$3.40 / 1L,,, Add to cart , Save to list 
The Han Kitchen Beef Ramyun 4 Pack,https://www.woolworths.com.au/shop/productdetails/235625/han-kitchen-the-han-kitchen-beef-ramyun,https://assets.woolworths.com.au/images/1005/235625.jpg?impolicy=wowsmkqiema&w=260&h=260,$5.25,$1.12 / 100G,,, Add to cart , Save to list 
Baxter's Classic Tomato Chutney 225g,https://www.woolworths.com.au/shop/productdetails/622043/baxter-s-classic-tomato-chutney,https://assets.woolworths.com.au/images/1005/622043.jpg?impolicy=wowsmkqiema&w=260&h=260,$5.00,$2.22 / 100G,,, Add to cart , Save to list 
Bega Cream Cheese Spread Light 515g,https://www.woolworths.com.au/shop/productdetails/781653/bega-cream-cheese-spread-light,https://assets.woolworths.com.au/images/1005/781653.jpg?impolicy=wowsmkqiema&w=260&h=260,$7.00,$13.59 / 1KG,,, Add to cart , Save to list 
Bega Simply Nuts No Added Salt 325g,https://www.woolworths.com.au/shop/productdetails/845907/bega-simply-nuts-no-added-salt,https://assets.woolworths.com.au/images/1005/845907.jpg?impolicy=wowsmkqiema&w=260&h=260,$5.50,$1.69 / 100G,,, Add to cart , Save to list 
Byron Chai Indian Spiced Tea 100g,https://www.woolworths.com.au/shop/productdetails/116060/byron-chai-indian-spiced-tea,https://assets.woolworths.com.au/images/1005/116060.jpg?impolicy=wowsmkqiema&w=260&h=260,$6.20,$6.20 / 100G,,, Add to cart , Save to list 
Macro Cacao Craze Almonds 150g,https://www.woolworths.com.au/shop/productdetails/113179/macro-cacao-craze-almonds,https://assets.woolworths.com.au/images/1005/113179.jpg?impolicy=wowsmkqiema&w=260&h=260,$4.50,$3.00 / 100G,4.0,900, Add to cart , Save to list 
Moro Olive Oil 4l,https://www.woolworths.com.au/shop/productdetails/94998/moro-olive-oil,https://assets.woolworths.com.au/images/1005/94998.jpg?impolicy=wowsmkqiema&w=260&h=260,$48.00,$1.20 / 100ML,,, Add to cart , Save to list 
Rosella Organic Barbeque Sauce Smoky & Spicy 250ml,https://www.woolworths.com.au/shop/productdetails/242135/rosella-organic-barbeque-sauce-smoky-spicy,https://assets.woolworths.com.au/images/1005/242135.jpg?impolicy=wowsmkqiema&w=260&h=260,$6.50,$2.60 / 100ML,,, Add to cart , Save to list 
Tokyo Ramen Noodle Chicken 4 Pack,https://www.woolworths.com.au/shop/productdetails/803478/tokyo-ramen-noodle-chicken,https://assets.woolworths.com.au/images/1005/803478.jpg?impolicy=wowsmkqiema&w=260&h=260,$3.00,$2.50 / 100G,,, Add to cart , Save to list 
Betty Crocker Gluten Free Chocolate Fudge Brownie Mix 450g,https://www.woolworths.com.au/shop/productdetails/793245/betty-crocker-gluten-free-chocolate-fudge-brownie-mix,https://assets.woolworths.com.au/images/1005/793245.jpg?impolicy=wowsmkqiema&w=260&h=260,$5.50,$1.22 / 100G,4.5,12, Add to cart , Save to list 
Harris Coffee Beans Very Strong 1kg,https://www.woolworths.com.au/shop/productdetails/91100/harris-coffee-beans-very-strong,https://assets.woolworths.com.au/images/1005/91100.jpg?impolicy=wowsmkqiema&w=260&h=260,$26.00,$2.60 / 100G,,, Add to cart , Save to list 
Macro Organic Tomato Chutney 250g,https://www.woolworths.com.au/shop/productdetails/211235/macro-organic-tomato-chutney,https://assets.woolworths.com.au/images/1005/211235.jpg?impolicy=wowsmkqiema&w=260&h=260,$5.00,$2.00 / 100G,4.4,40, Add to cart , Save to list 
Masterfoods Ground All Spice 30g,https://www.woolworths.com.au/shop/productdetails/36351/masterfoods-ground-all-spice,https://assets.woolworths.com.au/images/1005/36351.jpg?impolicy=wowsmkqiema&w=260&h=260,$2.80,$0.93 / 10G,,, Add to cart , Save to list 
Nong Shim Kimchi Ramen Big Bowl 112g,https://www.woolworths.com.au/shop/productdetails/66928/nong-shim-kimchi-ramen-big-bowl,https://assets.woolworths.com.au/images/1005/66928.jpg?impolicy=wowsmkqiema&w=260&h=260,$2.35,$2.10 / 100G,,, Add to cart , Save to list 
Coco Earth Rogan Josh With Basmati Rice 400g,https://www.woolworths.com.au/shop/productdetails/95464/coco-earth-rogan-josh-with-basmati-rice,https://assets.woolworths.com.au/images/1005/95464.jpg?impolicy=wowsmkqiema&w=260&h=260,$6.00,$1.50 / 100G,,, Add to cart , Save to list 
Lucky Toasted Slivered Almonds 110g,https://www.woolworths.com.au/shop/productdetails/143699/lucky-toasted-slivered-almonds,https://assets.woolworths.com.au/images/1005/143699.jpg?impolicy=wowsmkqiema&w=260&h=260,$5.50,$50.00 / 1KG,,, Add to cart , Save to list 
Macro Five Grain Porridge 750g,https://www.woolworths.com.au/shop/productdetails/334789/macro-five-grain-porridge,https://assets.woolworths.com.au/images/1005/334789.jpg?impolicy=wowsmkqiema&w=260&h=260,$3.50,$0.47 / 100G,4.1,816, Add to cart , Save to list 
Maharajah's Choice Black Mustard Seed Spice 250g,https://www.woolworths.com.au/shop/productdetails/433301/maharajah-s-choice-black-mustard-seed-spice,https://assets.woolworths.com.au/images/1005/433301.jpg?impolicy=wowsmkqiema&w=260&h=260,$1.70,$0.07 / 10G,,, Add to cart , Save to list 
Blue Banner Tasmanian Pickled Onions 525g,https://www.woolworths.com.au/shop/productdetails/236812/blue-banner-tasmanian-pickled-onions,https://assets.woolworths.com.au/images/1005/236812.jpg?impolicy=wowsmkqiema&w=260&h=260,$6.50,$1.24 / 100G,,, Add to cart , Save to list 
Continental Recipe Base Rich Beef Mince 50g,https://www.woolworths.com.au/shop/productdetails/54372/continental-recipe-base-rich-beef-mince-rich-beefy-mince,https://assets.woolworths.com.au/images/1005/54372.jpg?impolicy=wowsmkqiema&w=260&h=260,$1.80,$3.60 / 100G,,, Add to cart , Save to list 
Jarrah Salted Caramel Latte Instant Coffee 250g,https://www.woolworths.com.au/shop/productdetails/800489/jarrah-salted-caramel-latte-instant-coffee,https://assets.woolworths.com.au/images/1005/800489.jpg?impolicy=wowsmkqiema&w=260&h=260,$7.50,$3.00 / 100G,,, Add to cart , Save to list 
The Natural Confectionery Co. 1.2 kg Snakes Lollies 2PK,https://www.woolworths.com.au/shop/productdetails/1073908291/the-natural-confectionery-co-1-2-kg-snakes-lollies-2pk,https://assets.woolworths.com.au/images/1005/1073908291.jpg?impolicy=wowsmkqiema&w=260&h=260,$27.20,$13.60 / 1EA,,, Add to cart , Save to list 
Bryne Co Pickled Gherkins 1.36kg,https://www.woolworths.com.au/shop/productdetails/162480/bryne-co-pickled-gherkins,https://assets.woolworths.com.au/images/1005/162480.jpg?impolicy=wowsmkqiema&w=260&h=260,$5.00,$3.68 / 1KG,4.2,1238, Add to cart , Save to list 
Lavazza Prontissimo Espresso 95g,https://www.woolworths.com.au/shop/productdetails/95662/lavazza-prontissimo-espresso,https://assets.woolworths.com.au/images/1005/95662.jpg?impolicy=wowsmkqiema&w=260&h=260,$5.50,$5.79 / 100G,,, Add to cart , Save to list 
Nescafe Gold Intense Soluble Instant Coffee 200g,https://www.woolworths.com.au/shop/productdetails/687036/nescafe-gold-intense-soluble-instant-coffee,https://assets.woolworths.com.au/images/1005/687036.jpg?impolicy=wowsmkqiema&w=260&h=260,$15.00,$7.50 / 100G,,, Add to cart , Save to list 
Passage To Asia Veg Curry Bowl Thai Green Curry With Jasmine Rice 280g,https://www.woolworths.com.au/shop/productdetails/159227/passage-to-asia-veg-curry-bowl-thai-green-curry-with-jasmine-rice,https://assets.woolworths.com.au/images/1005/159227.jpg?impolicy=wowsmkqiema&w=260&h=260,$3.85,$1.38 / 100G,,, Add to cart , Save to list 
Always Fresh Olives Parmesan Stuffed 235g,https://www.woolworths.com.au/shop/productdetails/789822/always-fresh-olives-parmesan-stuffed,https://assets.woolworths.com.au/images/1005/789822.jpg?impolicy=wowsmkqiema&w=260&h=260,$5.00,$21.28 / 1KG,,, Add to cart , Save to list 
Bertolli Extra Virgin Olive Oil Originale 750ml,https://www.woolworths.com.au/shop/productdetails/502951/bertolli-extra-virgin-olive-oil-originale,https://assets.woolworths.com.au/images/1005/502951.jpg?impolicy=wowsmkqiema&w=260&h=260,$18.00,$2.40 / 100ML,,, Add to cart , Save to list 
Harris Coffee Ground Very Strong 200g,https://www.woolworths.com.au/shop/productdetails/91097/harris-coffee-ground-very-strong,https://assets.woolworths.com.au/images/1005/91097.jpg?impolicy=wowsmkqiema&w=260&h=260,$9.50,$4.75 / 100G,,, Add to cart , Save to list 
Mccormick Organic Paprika Ground 16g,https://www.woolworths.com.au/shop/productdetails/700456/mccormick-organic-paprika-ground,https://assets.woolworths.com.au/images/1005/700456.jpg?impolicy=wowsmkqiema&w=260&h=260,$2.75,$1.72 / 10G,,, Add to cart , Save to list 
Patak's Butter Chicken Curry Kit 313g,https://www.woolworths.com.au/shop/productdetails/803570/patak-s-butter-chicken-curry-kit,https://assets.woolworths.com.au/images/1005/803570.jpg?impolicy=wowsmkqiema&w=260&h=260,$6.50,$2.08 / 100G,,, Add to cart , Save to list 
Fehlbergs Sweet & Sour Cucumbers 680g,https://www.woolworths.com.au/shop/productdetails/467388/fehlbergs-sweet-sour-cucumbers,https://assets.woolworths.com.au/images/1005/467388.jpg?impolicy=wowsmkqiema&w=260&h=260,$4.40,$6.47 / 1KG,,, Add to cart , Save to list 
Ichiban Noodle Spicy Sichuan Beef 140g,https://www.woolworths.com.au/shop/productdetails/38133/ichiban-noodle-spicy-sichuan-beef,https://assets.woolworths.com.au/images/1005/38133.jpg?impolicy=wowsmkqiema&w=260&h=260,$5.50,$3.93 / 100G,,, Add to cart , Save to list 
Woolworths Natural Bran 500g,https://www.woolworths.com.au/shop/productdetails/95076/woolworths-natural-bran,https://assets.woolworths.com.au/images/1005/95076.jpg?impolicy=wowsmkqiema&w=260&h=260,$1.80,$0.36 / 100G,4.1,750, Add to cart , Save to list 
Baci Original Dark Truffle Share Bag 125g,https://www.woolworths.com.au/shop/productdetails/152913/baci-original-dark-truffle-share-bag,https://assets.woolworths.com.au/images/1005/152913.jpg?impolicy=wowsmkqiema&w=260&h=260,$8.00,$6.40 / 100G,,, Add to cart , Save to list 
Bertolli Organic Extra Virgin Olive Oil Spray 132g,https://www.woolworths.com.au/shop/productdetails/71795/bertolli-organic-extra-virgin-olive-oil-spray,https://assets.woolworths.com.au/images/1005/71795.jpg?impolicy=wowsmkqiema&w=260&h=260,$7.00,$5.30 / 100G,,, Add to cart , Save to list 
Carman's Low Carb Granola Peanut Butter 425g,https://www.woolworths.com.au/shop/productdetails/272313/carman-s-low-carb-granola-peanut-butter,https://assets.woolworths.com.au/images/1005/272313.jpg?impolicy=wowsmkqiema&w=260&h=260,$6.90,$1.62 / 100G,,, Add to cart , Save to list 
Hoyts Nutmeg Whole Whole 30g,https://www.woolworths.com.au/shop/productdetails/279806/hoyts-nutmeg-whole-whole,https://assets.woolworths.com.au/images/1005/279806.jpg?impolicy=wowsmkqiema&w=260&h=260,$3.00,$1.00 / 10G,,, Add to cart , Save to list 
Lucky Toasted Sliced Almonds 110g,https://www.woolworths.com.au/shop/productdetails/143977/lucky-toasted-sliced-almonds,https://assets.woolworths.com.au/images/1005/143977.jpg?impolicy=wowsmkqiema&w=260&h=260,$5.50,$50.00 / 1KG,,, Add to cart , Save to list 
Macro Organic Lasagne Sheets 250g,https://www.woolworths.com.au/shop/productdetails/700584/macro-organic-lasagne-sheets,https://assets.woolworths.com.au/images/1005/700584.jpg?impolicy=wowsmkqiema&w=260&h=260,,,4.2,437,, Save to list 
Mr Chen's Premium Thai Coconut Milk Gluten Free 400ml,https://www.woolworths.com.au/shop/productdetails/235103/mr-chen-s-premium-thai-coconut-milk-gluten-free,https://assets.woolworths.com.au/images/1005/235103.jpg?impolicy=wowsmkqiema&w=260&h=260,$2.50,$0.63 / 100ML,,, Add to cart , Save to list 
Natvia Cara-melty Caramel Flavoured Topping No Added Sugar 250ml,https://www.woolworths.com.au/shop/productdetails/241372/natvia-cara-melty-caramel-flavoured-topping-no-added-sugar,https://assets.woolworths.com.au/images/1005/241372.jpg?impolicy=wowsmkqiema&w=260&h=260,$5.70,$2.28 / 100ML,,, Add to cart , Save to list 
Woolworths Latte Coffee Sachets 10 Pack,https://www.woolworths.com.au/shop/productdetails/319548/woolworths-latte-coffee-sachets,https://assets.woolworths.com.au/images/1005/319548.jpg?impolicy=wowsmkqiema&w=260&h=260,$3.25,$0.33 / 1EA,3.1,234, Add to cart , Save to list 
"Blue Frog Raspberry, Coconut & Toasted Almond Muesli 350g",https://www.woolworths.com.au/shop/productdetails/152917/blue-frog-raspberry-coconut-toasted-almond-muesli,https://assets.woolworths.com.au/images/1005/152917.jpg?impolicy=wowsmkqiema&w=260&h=260,$14.75,$4.21 / 100G,,, Add to cart , Save to list 
Farmer Jo Gluten Free Keto Granola With Cinnamon Spice 300g,https://www.woolworths.com.au/shop/productdetails/277271/farmer-jo-gluten-free-keto-granola-with-cinnamon-spice,https://assets.woolworths.com.au/images/1005/277271.jpg?impolicy=wowsmkqiema&w=260&h=260,$10.00,$3.33 / 100G,,, Add to cart , Save to list 
Green Leaf Bbq Rice Wheels 300g,https://www.woolworths.com.au/shop/productdetails/81660/green-leaf-bbq-rice-wheels,https://assets.woolworths.com.au/images/1005/81660.jpg?impolicy=wowsmkqiema&w=260&h=260,$5.50,$1.83 / 100G,,, Add to cart , Save to list 
Green's Pink Cupcakes Mix 490g,https://www.woolworths.com.au/shop/productdetails/307799/green-s-pink-cupcakes-mix,https://assets.woolworths.com.au/images/1005/307799.jpg?impolicy=wowsmkqiema&w=260&h=260,$4.50,$0.92 / 100G,,, Add to cart , Save to list 
La Molisana Pomodoro Extra Di Lusso Arrabbiata 340g,https://www.woolworths.com.au/shop/productdetails/138224/la-molisana-pomodoro-extra-di-lusso-arrabbiata,https://assets.woolworths.com.au/images/1005/138224.jpg?impolicy=wowsmkqiema&w=260&h=260,$4.50,$1.32 / 100G,4.2,527, Add to cart , Save to list 
Maggi Fusian 2 Minute Instant Noodles Hot & Spicy 12 Pack,https://www.woolworths.com.au/shop/productdetails/819969/maggi-fusian-2-minute-instant-noodles-hot-spicy,https://assets.woolworths.com.au/images/1005/819969.jpg?impolicy=wowsmkqiema&w=260&h=260,$10.00,$1.14 / 100G,,, Add to cart , Save to list 
Simson's Pantry Mini Naans Garlic & Herb 225g,https://www.woolworths.com.au/shop/productdetails/253142/simson-s-pantry-mini-naans-garlic-herb,https://assets.woolworths.com.au/images/1005/253142.jpg?impolicy=wowsmkqiema&w=260&h=260,$4.00,$1.78 / 100G,,, Add to cart , Save to list 
Sweet Baby Ray's Honey Chipotle Bbq Sauce 425ml,https://www.woolworths.com.au/shop/productdetails/607077/sweet-baby-ray-s-honey-chipotle-bbq-sauce,https://assets.woolworths.com.au/images/1005/607077.jpg?impolicy=wowsmkqiema&w=260&h=260,$7.20,$1.69 / 100ML,,, Add to cart , Save to list 
Capilano 100% Pure Australian Honey Jar 500g,https://www.woolworths.com.au/shop/productdetails/33642/capilano-100-pure-australian-honey-jar,https://assets.woolworths.com.au/images/1005/33642.jpg?impolicy=wowsmkqiema&w=260&h=260,$8.60,$1.72 / 100G,,, Add to cart , Save to list 
Bega Simply Nuts The Crunchiest 650g,https://www.woolworths.com.au/shop/productdetails/164442/bega-simply-nuts-the-crunchiest,https://assets.woolworths.com.au/images/1005/164442.jpg?impolicy=wowsmkqiema&w=260&h=260,$8.50,$1.31 / 100G,,, Add to cart , Save to list 
Caffe Aurora Italian Blend Coffee Beans 1kg,https://www.woolworths.com.au/shop/productdetails/158974/caffe-aurora-italian-blend-coffee-beans,https://assets.woolworths.com.au/images/1005/158974.jpg?impolicy=wowsmkqiema&w=260&h=260,$17.00,$1.70 / 100G,,, Add to cart , Save to list 
Fray Bentos Steak & Kidney Pie 425g,https://www.woolworths.com.au/shop/productdetails/79303/fray-bentos-steak-kidney-pie-steak-kidney-pie,https://assets.woolworths.com.au/images/1005/79303.jpg?impolicy=wowsmkqiema&w=260&h=260,$9.00,$21.18 / 1KG,,, Add to cart , Save to list 
Nestle Plaistowe White Chocolate Baking Block 180g,https://www.woolworths.com.au/shop/productdetails/188643/nestle-plaistowe-white-chocolate-baking-block,https://assets.woolworths.com.au/images/1005/188643.jpg?impolicy=wowsmkqiema&w=260&h=260,$5.00,$2.78 / 100G,,, Add to cart , Save to list 
Woolworths Microwave Quick Pasta Penne 300g,https://www.woolworths.com.au/shop/productdetails/73873/woolworths-microwave-quick-pasta-penne,https://assets.woolworths.com.au/images/1005/73873.jpg?impolicy=wowsmkqiema&w=260&h=260,$2.50,$0.83 / 100G,2.8,772, Add to cart , Save to list 
"Beerenberg Mango, Lime & Chilli Dressing 300ml",https://www.woolworths.com.au/shop/productdetails/789815/beerenberg-mango-lime-chilli-dressing,https://assets.woolworths.com.au/images/1005/789815.jpg?impolicy=wowsmkqiema&w=260&h=260,$4.00,$1.33 / 100ML,,, Add to cart , Save to list 
Birch & Waite Pad Thai Stir Fry Sauce 200g,https://www.woolworths.com.au/shop/productdetails/239543/birch-waite-pad-thai-stir-fry-sauce,https://assets.woolworths.com.au/images/1005/239543.jpg?impolicy=wowsmkqiema&w=260&h=260,$6.50,$3.25 / 100G,,, Add to cart , Save to list 
Hoyts Pepper Four Colour Mix 50g,https://www.woolworths.com.au/shop/productdetails/210359/hoyts-pepper-four-colour-mix,https://assets.woolworths.com.au/images/1005/210359.jpg?impolicy=wowsmkqiema&w=260&h=260,$4.50,$0.90 / 10G,,, Add to cart , Save to list 
Ichiban Noodle Bowl Roast Pork 150g,https://www.woolworths.com.au/shop/productdetails/629111/ichiban-noodle-bowl-roast-pork,https://assets.woolworths.com.au/images/1005/629111.jpg?impolicy=wowsmkqiema&w=260&h=260,$5.50,$3.67 / 100G,,, Add to cart , Save to list 
Laucke Crusty White Bread Mix 500g,https://www.woolworths.com.au/shop/productdetails/727560/laucke-crusty-white-bread-mix,https://assets.woolworths.com.au/images/1005/727560.jpg?impolicy=wowsmkqiema&w=260&h=260,$4.00,$8.00 / 1KG,5.0,1, Add to cart , Save to list 
Lavazza Qualita Oro Coffee Beans 1kg,https://www.woolworths.com.au/shop/productdetails/74006/lavazza-qualita-oro-coffee-beans,https://assets.woolworths.com.au/images/1005/74006.jpg?impolicy=wowsmkqiema&w=260&h=260,$38.00,$3.80 / 100G,5.0,1, Add to cart , Save to list 
Maggi Cheesy Broccoli & Cauliflower Recipe Base 31g,https://www.woolworths.com.au/shop/productdetails/169311/maggi-cheesy-broccoli-cauliflower-recipe-base,https://assets.woolworths.com.au/images/1005/169311.jpg?impolicy=wowsmkqiema&w=260&h=260,$1.75,$5.65 / 100G,,, Add to cart , Save to list 
100 Plus Sport Isotonic Can 325ml,https://www.woolworths.com.au/shop/productdetails/373308/100-plus-sport-isotonic-can,https://assets.woolworths.com.au/images/1005/373308.jpg?impolicy=wowsmkqiema&w=260&h=260,$1.50,$4.62 / 1L,,, Add to cart , Save to list 
Bega Peanut Butter No Added Sugar Or Salt Crunchy 325g,https://www.woolworths.com.au/shop/productdetails/748414/bega-peanut-butter-no-added-sugar-or-salt-crunchy,https://assets.woolworths.com.au/images/1005/748414.jpg?impolicy=wowsmkqiema&w=260&h=260,$4.40,$1.35 / 100G,,, Add to cart , Save to list 
Ben's Original Lightly Flavoured Lemon Rice 250g,https://www.woolworths.com.au/shop/productdetails/243955/ben-s-original-lightly-flavoured-lemon-rice,https://assets.woolworths.com.au/images/1005/243955.jpg?impolicy=wowsmkqiema&w=260&h=260,$3.00,$1.20 / 100G,,, Add to cart , Save to list 
Bisto Beef Gravy Granules 170g,https://www.woolworths.com.au/shop/productdetails/362258/bisto-beef-gravy-granules-original-beef-gravy,https://assets.woolworths.com.au/images/1005/362258.jpg?impolicy=wowsmkqiema&w=260&h=260,$8.50,$5.00 / 100G,,, Add to cart , Save to list 
Carman's No Added Sugar Porridge Sachets Raspberry & Vanilla 320g,https://www.woolworths.com.au/shop/productdetails/208938/carman-s-no-added-sugar-porridge-sachets-raspberry-vanilla,https://assets.woolworths.com.au/images/1005/208938.jpg?impolicy=wowsmkqiema&w=260&h=260,$6.50,$2.03 / 100G,5.0,1, Add to cart , Save to list 
Freedom Active Balance Maple & Almond Multigrain Flakes Cereal 400g,https://www.woolworths.com.au/shop/productdetails/224616/freedom-active-balance-maple-almond-multigrain-flakes-cereal,https://assets.woolworths.com.au/images/1005/224616.jpg?impolicy=wowsmkqiema&w=260&h=260,$4.50,$1.13 / 100G,,, Add to cart , Save to list 
Harris Coffee Ground Smooth 1kg,https://www.woolworths.com.au/shop/productdetails/93039/harris-coffee-ground-smooth,https://assets.woolworths.com.au/images/1005/93039.jpg?impolicy=wowsmkqiema&w=260&h=260,$26.00,$2.60 / 100G,,, Add to cart , Save to list 
Moccona Freeze Dried Instant Coffee Hazelnut 95g,https://www.woolworths.com.au/shop/productdetails/732545/moccona-freeze-dried-instant-coffee-hazelnut,https://assets.woolworths.com.au/images/1005/732545.jpg?impolicy=wowsmkqiema&w=260&h=260,$11.50,$12.11 / 100G,,, Add to cart , Save to list 
Wei Chuan Dumpling Sauce Original 190ml,https://www.woolworths.com.au/shop/productdetails/828665/wei-chuan-dumpling-sauce-original,https://assets.woolworths.com.au/images/1005/828665.jpg?impolicy=wowsmkqiema&w=260&h=260,$3.50,$1.84 / 100ML,,, Add to cart , Save to list 
Nestle Plaistowe Milk Chocolate Baking Block 180g,https://www.woolworths.com.au/shop/productdetails/227173/nestle-plaistowe-milk-chocolate-baking-block,https://assets.woolworths.com.au/images/1005/227173.jpg?impolicy=wowsmkqiema&w=260&h=260,$5.00,$2.78 / 100G,,, Add to cart , Save to list 
Sacred Grounds Groover Blend Ground Coffee Beans 200g,https://www.woolworths.com.au/shop/productdetails/96518/sacred-grounds-groover-blend-ground-coffee-beans,https://assets.woolworths.com.au/images/1005/96518.jpg?impolicy=wowsmkqiema&w=260&h=260,$12.00,$6.00 / 100G,,, Add to cart , Save to list 
Katoomba Garlic & Ginger 1kg,https://www.woolworths.com.au/shop/productdetails/753943/katoomba-garlic-ginger,https://assets.woolworths.com.au/images/1005/753943.jpg?impolicy=wowsmkqiema&w=260&h=260,$4.00,$0.04 / 10G,,, Add to cart , Save to list 
Maharajah's Choice Chilli Powder Spice 250g,https://www.woolworths.com.au/shop/productdetails/433266/maharajah-s-choice-chilli-powder-spice,https://assets.woolworths.com.au/images/1005/433266.jpg?impolicy=wowsmkqiema&w=260&h=260,$2.50,$0.10 / 10G,,, Add to cart , Save to list 
Nando's Medium Bag & Bake Spice Seasoning 20g,https://www.woolworths.com.au/shop/productdetails/115752/nando-s-medium-bag-bake-spice-seasoning,https://assets.woolworths.com.au/images/1005/115752.jpg?impolicy=wowsmkqiema&w=260&h=260,$4.00,$2.00 / 10G,,, Add to cart , Save to list 
Queen Writing Icing 5 Pack,https://www.woolworths.com.au/shop/productdetails/774154/queen-writing-icing,https://assets.woolworths.com.au/images/1005/774154.jpg?impolicy=wowsmkqiema&w=260&h=260,$5.25,$5.00 / 100G,,, Add to cart , Save to list 
Kimura Ramune Lemonade 200ml,https://www.woolworths.com.au/shop/productdetails/673015/kimura-ramune-lemonade,https://assets.woolworths.com.au/images/1005/673015.jpg?impolicy=wowsmkqiema&w=260&h=260,$3.00,$1.50 / 100ML,,, Add to cart , Save to list 
Mamee Chef Curry Laksa Cup 72g,https://www.woolworths.com.au/shop/productdetails/841673/mamee-chef-curry-laksa-cup,https://assets.woolworths.com.au/images/1005/841673.jpg?impolicy=wowsmkqiema&w=260&h=260,$2.50,$3.47 / 100G,,, Add to cart , Save to list 
Mr Chen's Japanese Ramen Kit 604g,https://www.woolworths.com.au/shop/productdetails/123888/mr-chen-s-japanese-ramen-kit,https://assets.woolworths.com.au/images/1005/123888.jpg?impolicy=wowsmkqiema&w=260&h=260,$7.00,$1.16 / 100G,,, Add to cart , Save to list 
Queen Finest Peppermint Natural Extract Intense Flavour 50ml,https://www.woolworths.com.au/shop/productdetails/190464/queen-finest-peppermint-natural-extract-intense-flavour,https://assets.woolworths.com.au/images/1005/190464.jpg?impolicy=wowsmkqiema&w=260&h=260,$2.50,$5.00 / 100ML,,, Add to cart , Save to list 
Cadbury Caramilk Baking Chips 260g,https://www.woolworths.com.au/shop/productdetails/142137/cadbury-caramilk-baking-chips,https://assets.woolworths.com.au/images/1005/142137.jpg?impolicy=wowsmkqiema&w=260&h=260,$6.00,$2.31 / 100G,,, Add to cart , Save to list 
Cloverdale Pure Organic Honey Squeeze 400g,https://www.woolworths.com.au/shop/productdetails/100123/cloverdale-pure-organic-honey-squeeze,https://assets.woolworths.com.au/images/1005/100123.jpg?impolicy=wowsmkqiema&w=260&h=260,$6.50,$1.63 / 100G,4.2,601, Add to cart , Save to list 
Continental Recipe Base Mild Mince Curry 40g,https://www.woolworths.com.au/shop/productdetails/54383/continental-recipe-base-mild-mince-curry,https://assets.woolworths.com.au/images/1005/54383.jpg?impolicy=wowsmkqiema&w=260&h=260,$1.80,$4.50 / 100G,,, Add to cart , Save to list 
Jordans Cluster Bites Honey Nut 500g,https://www.woolworths.com.au/shop/productdetails/85469/jordans-cluster-bites-honey-nut,https://assets.woolworths.com.au/images/1005/85469.jpg?impolicy=wowsmkqiema&w=260&h=260,$4.25,$0.85 / 100G,,, Add to cart , Save to list 
La Molisana Pomodoro Extra Di Lusso Vegan Bolognese 340g,https://www.woolworths.com.au/shop/productdetails/138232/la-molisana-pomodoro-extra-di-lusso-vegan-bolognese,https://assets.woolworths.com.au/images/1005/138232.jpg?impolicy=wowsmkqiema&w=260&h=260,$4.50,$1.32 / 100G,4.0,542, Add to cart , Save to list 
Maharajah's Choice Cinnamon Quills 100g,https://www.woolworths.com.au/shop/productdetails/798453/maharajah-s-choice-cinnamon-quills,https://assets.woolworths.com.au/images/1005/798453.jpg?impolicy=wowsmkqiema&w=260&h=260,$2.80,$2.80 / 100G,,, Add to cart , Save to list 
Seriously Low Carb Seeded Bread Mix 300g,https://www.woolworths.com.au/shop/productdetails/142329/seriously-low-carb-seeded-bread-mix,https://assets.woolworths.com.au/images/1005/142329.jpg?impolicy=wowsmkqiema&w=260&h=260,$4.50,$15.00 / 1KG,,, Add to cart , Save to list 
Illy Ground Coffee Espresso 250g,https://www.woolworths.com.au/shop/productdetails/188087/illy-ground-coffee-espresso,https://assets.woolworths.com.au/images/1005/188087.jpg?impolicy=wowsmkqiema&w=260&h=260,$14.50,$5.80 / 100G,,, Add to cart , Save to list 
Lingham's Sauce Chilli 280g,https://www.woolworths.com.au/shop/productdetails/791072/lingham-s-sauce-chilli,https://assets.woolworths.com.au/images/1005/791072.jpg?impolicy=wowsmkqiema&w=260&h=260,$3.90,$1.39 / 100ML,,, Add to cart , Save to list 
Lucky Slivered Almonds 230g,https://www.woolworths.com.au/shop/productdetails/108467/lucky-slivered-almonds,https://assets.woolworths.com.au/images/1005/108467.jpg?impolicy=wowsmkqiema&w=260&h=260,$8.00,$34.78 / 1KG,,, Add to cart , Save to list 
Picon Creamy Spread Portions Cheese Spread 120g,https://www.woolworths.com.au/shop/productdetails/237389/picon-creamy-spread-portions-cheese-spread,https://assets.woolworths.com.au/images/1005/237389.jpg?impolicy=wowsmkqiema&w=260&h=260,$3.50,$29.17 / 1KG,,, Add to cart , Save to list 
Baby Bellies Organic Pear & Vanilla Paws 12g,https://www.woolworths.com.au/shop/productdetails/176008/baby-bellies-organic-pear-vanilla-paws,https://assets.woolworths.com.au/images/1005/176008.jpg?impolicy=wowsmkqiema&w=260&h=260,$2.00,$16.67 / 100G,,, Add to cart , Save to list 
Byron Bay Chilli Co. Chilli Sauce Fiery Coconut 250ml,https://www.woolworths.com.au/shop/productdetails/215154/byron-bay-chilli-co-chilli-sauce-fiery-coconut,https://assets.woolworths.com.au/images/1005/215154.jpg?impolicy=wowsmkqiema&w=260&h=260,$5.00,$2.00 / 100ML,,, Add to cart , Save to list 
Cobram Estate Extra Virgin Olive Oil Chilli Infused 250ml,https://www.woolworths.com.au/shop/productdetails/345958/cobram-estate-extra-virgin-olive-oil-chilli-infused,https://assets.woolworths.com.au/images/1005/345958.jpg?impolicy=wowsmkqiema&w=260&h=260,$6.90,$2.76 / 100ML,,, Add to cart , Save to list 
Donna Hay Choc Chunk Brownie Mix 565g,https://www.woolworths.com.au/shop/productdetails/210663/donna-hay-choc-chunk-brownie-mix,https://assets.woolworths.com.au/images/1005/210663.jpg?impolicy=wowsmkqiema&w=260&h=260,$7.00,$1.24 / 100G,,, Add to cart , Save to list 
Gourmet Garden Paste Chilli Mild 80g,https://www.woolworths.com.au/shop/productdetails/948507/gourmet-garden-paste-chilli-mild,https://assets.woolworths.com.au/images/1005/948507.jpg?impolicy=wowsmkqiema&w=260&h=260,$4.00,$0.50 / 10G,,, Add to cart , Save to list 
Green's Cake Mix Caramel Mud 600g,https://www.woolworths.com.au/shop/productdetails/490105/green-s-cake-mix-caramel-mud,https://assets.woolworths.com.au/images/1005/490105.jpg?impolicy=wowsmkqiema&w=260&h=260,$4.50,$0.75 / 100G,,, Add to cart , Save to list 
Haday Yellow Soy Bean Paste 340g,https://www.woolworths.com.au/shop/productdetails/803883/haday-yellow-soy-bean-paste,https://assets.woolworths.com.au/images/1005/803883.jpg?impolicy=wowsmkqiema&w=260&h=260,$3.00,$0.88 / 100G,,, Add to cart , Save to list 
Hart & Soul Pho Noodle Soup Cooking Kit 263g,https://www.woolworths.com.au/shop/productdetails/202149/hart-soul-pho-noodle-soup-cooking-kit,https://assets.woolworths.com.au/images/1005/202149.jpg?impolicy=wowsmkqiema&w=260&h=260,$5.00,$1.90 / 100G,,, Add to cart , Save to list 
"Carman's Crunchy Oat Clusters Blueberry, Coconut & Almond 450g",https://www.woolworths.com.au/shop/productdetails/243325/carman-s-crunchy-oat-clusters-blueberry-coconut-almond,https://assets.woolworths.com.au/images/1005/243325.jpg?impolicy=wowsmkqiema&w=260&h=260,$6.90,$1.53 / 100G,,, Add to cart , Save to list 
Frank's Redhot Xtra Hot Cayenne Pepper Hot Sauce 148ml,https://www.woolworths.com.au/shop/productdetails/52145/frank-s-redhot-xtra-hot-cayenne-pepper-hot-sauce,https://assets.woolworths.com.au/images/1005/52145.jpg?impolicy=wowsmkqiema&w=260&h=260,$3.80,$2.57 / 100ML,,, Add to cart , Save to list 
Hikari Red Miso Paste 400g,https://www.woolworths.com.au/shop/productdetails/481169/hikari-red-miso-paste,https://assets.woolworths.com.au/images/1005/481169.jpg?impolicy=wowsmkqiema&w=260&h=260,$4.30,$1.08 / 100G,,, Add to cart , Save to list 
Il Molino Instant Polenta Corn Meal 500g,https://www.woolworths.com.au/shop/productdetails/55898/il-molino-instant-polenta-corn-meal,https://assets.woolworths.com.au/images/1005/55898.jpg?impolicy=wowsmkqiema&w=260&h=260,$3.70,$7.40 / 1KG,,, Add to cart , Save to list 
The Spice Tailor Mangalore Roasted Coconut Kit 300g,https://www.woolworths.com.au/shop/productdetails/203084/the-spice-tailor-mangalore-roasted-coconut-kit,https://assets.woolworths.com.au/images/1005/203084.jpg?impolicy=wowsmkqiema&w=260&h=260,$3.10,$1.03 / 100G,,, Add to cart , Save to list 
Twinings Live Well Revive Tea Bags 20 Pack,https://www.woolworths.com.au/shop/productdetails/223901/twinings-live-well-revive-tea-bags,https://assets.woolworths.com.au/images/1005/223901.jpg?impolicy=wowsmkqiema&w=260&h=260,$7.50,$0.38 / 1EA,,, Add to cart , Save to list 
Ayam Organic Soy 210ml,https://www.woolworths.com.au/shop/productdetails/20245/ayam-organic-soy,https://assets.woolworths.com.au/images/1005/20245.jpg?impolicy=wowsmkqiema&w=260&h=260,$6.00,$2.86 / 100ML,,, Add to cart , Save to list 
Capilano 100% Pure Australian Honey Pail 1kg,https://www.woolworths.com.au/shop/productdetails/680476/capilano-100-pure-australian-honey-pail,https://assets.woolworths.com.au/images/1005/680476.jpg?impolicy=wowsmkqiema&w=260&h=260,$15.00,$1.50 / 100G,,, Add to cart , Save to list 
Capilano 100% Pure Australian Honey Yellow Box Squeeze 340g,https://www.woolworths.com.au/shop/productdetails/59973/capilano-100-pure-australian-honey-yellow-box-squeeze,https://assets.woolworths.com.au/images/1005/59973.jpg?impolicy=wowsmkqiema&w=260&h=260,$6.90,$2.03 / 100G,,, Add to cart , Save to list 
Cobram Estate Extra Virgin Olive Oil Lemon Infused 250ml,https://www.woolworths.com.au/shop/productdetails/321599/cobram-estate-extra-virgin-olive-oil-lemon-infused,https://assets.woolworths.com.au/images/1005/321599.jpg?impolicy=wowsmkqiema&w=260&h=260,$6.90,$2.76 / 100ML,,, Add to cart , Save to list 
Delicious Dark Chocolate Fudge Sauce 200g,https://www.woolworths.com.au/shop/productdetails/242134/delicious-dark-chocolate-fudge-sauce,https://assets.woolworths.com.au/images/1005/242134.jpg?impolicy=wowsmkqiema&w=260&h=260,$8.00,$4.00 / 100G,,, Add to cart , Save to list 
Sacred Grounds Breezy Blend Ground Coffee 200g,https://www.woolworths.com.au/shop/productdetails/94473/sacred-grounds-breezy-blend-ground-coffee,https://assets.woolworths.com.au/images/1005/94473.jpg?impolicy=wowsmkqiema&w=260&h=260,$12.00,$6.00 / 100G,,, Add to cart , Save to list 
Woolworths Plantitude Massaman Tofu With Jasmine Rice 350g,https://www.woolworths.com.au/shop/productdetails/72641/woolworths-plantitude-massaman-tofu-with-jasmine-rice,https://assets.woolworths.com.au/images/1005/72641.jpg?impolicy=wowsmkqiema&w=260&h=260,$5.00,$1.43 / 100G,3.5,282, Add to cart , Save to list 
Betty Crocker Chocolate Cupcake Mix 450g,https://www.woolworths.com.au/shop/productdetails/760495/betty-crocker-chocolate-cupcake-mix,https://assets.woolworths.com.au/images/1005/760495.jpg?impolicy=wowsmkqiema&w=260&h=260,$4.50,$1.00 / 100G,,, Add to cart , Save to list 
Betty Crocker Gluten Free Vanilla Cupcake Mix 460g,https://www.woolworths.com.au/shop/productdetails/474367/betty-crocker-gluten-free-vanilla-cupcake-mix,https://assets.woolworths.com.au/images/1005/474367.jpg?impolicy=wowsmkqiema&w=260&h=260,$5.50,$1.20 / 100G,4.9,7, Add to cart , Save to list 
Macro Golden Goodness Turmeric & Ginger Almonds 150g,https://www.woolworths.com.au/shop/productdetails/113180/macro-golden-goodness-turmeric-ginger-almonds,https://assets.woolworths.com.au/images/1005/113180.jpg?impolicy=wowsmkqiema&w=260&h=260,$4.50,$3.00 / 100G,3.0,447, Add to cart , Save to list 
Masterfoods All Purpose Pepper Seasoning 50g,https://www.woolworths.com.au/shop/productdetails/355478/masterfoods-all-purpose-pepper-seasoning,https://assets.woolworths.com.au/images/1005/355478.jpg?impolicy=wowsmkqiema&w=260&h=260,$3.30,$0.66 / 10G,,, Add to cart , Save to list 
Masterfoods Chilli Con Carne Recipe Base 170g,https://www.woolworths.com.au/shop/productdetails/840618/masterfoods-chilli-con-carne-recipe-base,https://assets.woolworths.com.au/images/1005/840618.jpg?impolicy=wowsmkqiema&w=260&h=260,$2.80,$1.75 / 100G,,, Add to cart , Save to list 
Simson's Pantry Mini Naans Plain 5 Pack,https://www.woolworths.com.au/shop/productdetails/253502/simson-s-pantry-mini-naans-plain,https://assets.woolworths.com.au/images/1005/253502.jpg?impolicy=wowsmkqiema&w=260&h=260,$4.00,$1.78 / 100G,,, Add to cart , Save to list 
Hoyts Pickling Dried Spices 35g,https://www.woolworths.com.au/shop/productdetails/279814/hoyts-pickling-dried-spices,https://assets.woolworths.com.au/images/1005/279814.jpg?impolicy=wowsmkqiema&w=260&h=260,$2.60,$0.74 / 10G,,, Add to cart , Save to list 
Hubbards Vanilla & Almond Toasted Clusters 450g,https://www.woolworths.com.au/shop/productdetails/149331/hubbards-vanilla-almond-toasted-clusters,https://assets.woolworths.com.au/images/1005/149331.jpg?impolicy=wowsmkqiema&w=260&h=260,$5.00,$1.11 / 100G,,, Add to cart , Save to list 
Moro Olive Oil 1l,https://www.woolworths.com.au/shop/productdetails/97745/moro-olive-oil,https://assets.woolworths.com.au/images/1005/97745.jpg?impolicy=wowsmkqiema&w=260&h=260,$18.00,$1.80 / 100ML,,, Add to cart , Save to list 
Betty Crocker Brownie Mix Frosted Chocolate 500g,https://www.woolworths.com.au/shop/productdetails/307786/betty-crocker-brownie-mix-frosted-chocolate,https://assets.woolworths.com.au/images/1005/307786.jpg?impolicy=wowsmkqiema&w=260&h=260,$4.50,$0.90 / 100G,,, Add to cart , Save to list 
Espressotoria Aurora Coffee Italian Coffee Capsules 100g,https://www.woolworths.com.au/shop/productdetails/798705/espressotoria-aurora-coffee-italian-coffee-capsules,https://assets.woolworths.com.au/images/1005/798705.jpg?impolicy=wowsmkqiema&w=260&h=260,$5.00,$0.42 / 1EA,,, Add to cart , Save to list 
Mrs H.s.ball's Chutney Original 470g,https://www.woolworths.com.au/shop/productdetails/47190/mrs-h-s-ball-s-chutney-original,https://assets.woolworths.com.au/images/1005/47190.jpg?impolicy=wowsmkqiema&w=260&h=260,$5.50,$11.70 / 1KG,,, Add to cart , Save to list 
Noshu 98% Sugar Free Buttermilk Pancake Mix 240g,https://www.woolworths.com.au/shop/productdetails/115760/noshu-98-sugar-free-buttermilk-pancake-mix,https://assets.woolworths.com.au/images/1005/115760.jpg?impolicy=wowsmkqiema&w=260&h=260,$6.40,$2.67 / 100G,,, Add to cart , Save to list 
Ulker Chocolate Pistachio 65g,https://www.woolworths.com.au/shop/productdetails/193685/ulker-chocolate-pistachio,https://assets.woolworths.com.au/images/1005/193685.jpg?impolicy=wowsmkqiema&w=260&h=260,$4.40,$6.77 / 100G,,, Add to cart , Save to list 
Batchelors Mushy Peas Canned Original 300g,https://www.woolworths.com.au/shop/productdetails/52183/batchelors-mushy-peas-canned-original,https://assets.woolworths.com.au/images/1005/52183.jpg?impolicy=wowsmkqiema&w=260&h=260,$2.90,$0.97 / 100G,,, Add to cart , Save to list 
Betty Crocker Supreme Lemon Slice Mix 510g,https://www.woolworths.com.au/shop/productdetails/661670/betty-crocker-supreme-lemon-slice-mix,https://assets.woolworths.com.au/images/1005/661670.jpg?impolicy=wowsmkqiema&w=260&h=260,$4.50,$0.88 / 100G,,, Add to cart , Save to list 
Maggi 2 Minute Instant Wholegrain Beef Noodles 5 Pack,https://www.woolworths.com.au/shop/productdetails/791680/maggi-2-minute-instant-wholegrain-beef-noodles,https://assets.woolworths.com.au/images/1005/791680.jpg?impolicy=wowsmkqiema&w=260&h=260,$5.00,$1.49 / 100G,,, Add to cart , Save to list 
Maharajah's Choice Fennel Seed Spice 250g,https://www.woolworths.com.au/shop/productdetails/433281/maharajah-s-choice-fennel-seed-spice,https://assets.woolworths.com.au/images/1005/433281.jpg?impolicy=wowsmkqiema&w=260&h=260,$2.50,$0.10 / 10G,,, Add to cart , Save to list 
Nando's Lemon & Herb Bag & Bake Spice Seasoning 20g,https://www.woolworths.com.au/shop/productdetails/114379/nando-s-lemon-herb-bag-bake-spice-seasoning,https://assets.woolworths.com.au/images/1005/114379.jpg?impolicy=wowsmkqiema&w=260&h=260,$4.00,$2.00 / 10G,,, Add to cart , Save to list 
Nescafe White Choc Mocha Inspired By Milkybar Sachets 8 Pack,https://www.woolworths.com.au/shop/productdetails/222954/nescafe-white-choc-mocha-inspired-by-milkybar-sachets,https://assets.woolworths.com.au/images/1005/222954.jpg?impolicy=wowsmkqiema&w=260&h=260,$7.60,$0.95 / 1EA,,, Add to cart , Save to list 
Plumrose Frankfurts Hot Dogs 560g,https://www.woolworths.com.au/shop/productdetails/84275/plumrose-frankfurts-hot-dogs,https://assets.woolworths.com.au/images/1005/84275.jpg?impolicy=wowsmkqiema&w=260&h=260,$6.50,$11.61 / 1KG,4.0,1, Add to cart , Save to list 
Red Island Extra Virgin Olive Oil Extra Virgin 250ml,https://www.woolworths.com.au/shop/productdetails/217214/red-island-extra-virgin-olive-oil-extra-virgin,https://assets.woolworths.com.au/images/1005/217214.jpg?impolicy=wowsmkqiema&w=260&h=260,$5.50,$2.20 / 100ML,,, Add to cart , Save to list 
Sun Maid California Pitted Prunes 225g,https://www.woolworths.com.au/shop/productdetails/147942/sun-maid-california-pitted-prunes,https://assets.woolworths.com.au/images/1005/147942.jpg?impolicy=wowsmkqiema&w=260&h=260,$3.80,$16.89 / 1KG,,, Add to cart , Save to list 
Angas Park Fruit Mix Medley 375g,https://www.woolworths.com.au/shop/productdetails/55432/angas-park-fruit-mix-medley,https://assets.woolworths.com.au/images/1005/55432.jpg?impolicy=wowsmkqiema&w=260&h=260,$9.50,$25.33 / 1KG,,, Add to cart , Save to list 
Bertolli Olive Oil Light In Taste 750ml,https://www.woolworths.com.au/shop/productdetails/502955/bertolli-olive-oil-light-in-taste,https://assets.woolworths.com.au/images/1005/502955.jpg?impolicy=wowsmkqiema&w=260&h=260,$18.00,$2.40 / 100ML,,, Add to cart , Save to list 
Bull's-eye Chilli Hot Sauce Carolina Reaper With Black Garlic 135ml,https://www.woolworths.com.au/shop/productdetails/165443/bull-s-eye-chilli-hot-sauce-carolina-reaper-with-black-garlic,https://assets.woolworths.com.au/images/1005/165443.jpg?impolicy=wowsmkqiema&w=260&h=260,$4.75,$3.52 / 100ML,,, Add to cart , Save to list 
Carbonell Extra Virgin Olive Oil Light Taste 1l,https://www.woolworths.com.au/shop/productdetails/220014/carbonell-extra-virgin-olive-oil-light-taste,https://assets.woolworths.com.au/images/1005/220014.jpg?impolicy=wowsmkqiema&w=260&h=260,$14.00,$1.40 / 100ML,,, Add to cart , Save to list 
Continental Seasoning Sensations Recipe Base Italian Lamb Shanks 44g,https://www.woolworths.com.au/shop/productdetails/217602/continental-seasoning-sensations-recipe-base-italian-lamb-shanks,https://assets.woolworths.com.au/images/1005/217602.jpg?impolicy=wowsmkqiema&w=260&h=260,$2.75,$6.25 / 100G,,, Add to cart , Save to list 
Harbour Foods Whole Wheat Biscuits 430g,https://www.woolworths.com.au/shop/productdetails/304207/harbour-foods-whole-wheat-biscuits,https://assets.woolworths.com.au/images/1005/304207.jpg?impolicy=wowsmkqiema&w=260&h=260,$8.90,$2.07 / 100G,,, Add to cart , Save to list 
Angas Park Medjool Dates 200g,https://www.woolworths.com.au/shop/productdetails/466088/angas-park-medjool-dates,https://assets.woolworths.com.au/images/1005/466088.jpg?impolicy=wowsmkqiema&w=260&h=260,$7.90,$39.50 / 1KG,,, Add to cart , Save to list 
Arnold's Farm Toasted Muesli Berry Blend & Yoghurt 700g,https://www.woolworths.com.au/shop/productdetails/243767/arnold-s-farm-toasted-muesli-berry-blend-yoghurt,https://assets.woolworths.com.au/images/1005/243767.jpg?impolicy=wowsmkqiema&w=260&h=260,$5.50,$0.79 / 100G,,, Add to cart , Save to list 
Branston Pickle 310g,https://www.woolworths.com.au/shop/productdetails/39891/branston-pickle,https://assets.woolworths.com.au/images/1005/39891.jpg?impolicy=wowsmkqiema&w=260&h=260,$5.60,$18.06 / 1KG,,, Add to cart , Save to list 
Hubbards Almond  & Pecan Toasted Muesli 450g,https://www.woolworths.com.au/shop/productdetails/150076/hubbards-almond-pecan-toasted-muesli,https://assets.woolworths.com.au/images/1005/150076.jpg?impolicy=wowsmkqiema&w=260&h=260,$5.00,$1.11 / 100G,,, Add to cart , Save to list 
Katoomba Whole Black Urid 1kg,https://www.woolworths.com.au/shop/productdetails/753333/katoomba-whole-black-urid,https://assets.woolworths.com.au/images/1005/753333.jpg?impolicy=wowsmkqiema&w=260&h=260,$4.00,$0.40 / 100G,,, Add to cart , Save to list 
Nature Nate's 100% Pure Organic Australian Raw & Unfiltered Honey 400g,https://www.woolworths.com.au/shop/productdetails/99800/nature-nate-s-100-pure-organic-australian-raw-unfiltered-honey,https://assets.woolworths.com.au/images/1005/99800.jpg?impolicy=wowsmkqiema&w=260&h=260,$9.80,$2.45 / 100G,,, Add to cart , Save to list 
Nescafe Iced Coffee Cappuccino Vanilla Flavour Sachets 8 Pack,https://www.woolworths.com.au/shop/productdetails/176471/nescafe-iced-coffee-cappuccino-vanilla-flavour-sachets,https://assets.woolworths.com.au/images/1005/176471.jpg?impolicy=wowsmkqiema&w=260&h=260,$7.60,$0.95 / 1EA,,, Add to cart , Save to list 
Moccona Barista Reserve Flat White Capsules 10 Pack,https://www.woolworths.com.au/shop/productdetails/219256/moccona-barista-reserve-flat-white-capsules,https://assets.woolworths.com.au/images/1005/219256.jpg?impolicy=wowsmkqiema&w=260&h=260,$5.00,$0.50 / 1EA,,, Add to cart , Save to list 
Monini Classico Extra Virgin Olive Oil 750ml,https://www.woolworths.com.au/shop/productdetails/663196/monini-classico-extra-virgin-olive-oil,https://assets.woolworths.com.au/images/1005/663196.jpg?impolicy=wowsmkqiema&w=260&h=260,$18.00,$2.40 / 100ML,,, Add to cart , Save to list 
Nature's Cuppa Rich Roast Coffee Alternative Tin Caffeine Free 125g,https://www.woolworths.com.au/shop/productdetails/159844/nature-s-cuppa-rich-roast-coffee-alternative-tin-caffeine-free,https://assets.woolworths.com.au/images/1005/159844.jpg?impolicy=wowsmkqiema&w=260&h=260,$6.00,$4.80 / 100G,,, Add to cart , Save to list 
Squeaky Gate Australian Extra Virgin Olive Oil The Mild One 750ml,https://www.woolworths.com.au/shop/productdetails/798038/squeaky-gate-australian-extra-virgin-olive-oil-the-mild-one,https://assets.woolworths.com.au/images/1005/798038.jpg?impolicy=wowsmkqiema&w=260&h=260,$14.00,$1.87 / 100ML,,, Add to cart , Save to list 
Betty Crocker Gluten Free Devils Food Cake Mix 550g,https://www.woolworths.com.au/shop/productdetails/793246/betty-crocker-gluten-free-devils-food-cake-mix,https://assets.woolworths.com.au/images/1005/793246.jpg?impolicy=wowsmkqiema&w=260&h=260,$5.50,$1.00 / 100G,4.3,11, Add to cart , Save to list 
Buderim Australian Sushi Ginger 200g,https://www.woolworths.com.au/shop/productdetails/231446/buderim-australian-sushi-ginger,https://assets.woolworths.com.au/images/1005/231446.jpg?impolicy=wowsmkqiema&w=260&h=260,$6.00,$3.00 / 100G,,, Add to cart , Save to list 
Nescafe Gold Short Black Espresso Instant Coffee 100g,https://www.woolworths.com.au/shop/productdetails/686999/nescafe-gold-short-black-espresso-instant-coffee,https://assets.woolworths.com.au/images/1005/686999.jpg?impolicy=wowsmkqiema&w=260&h=260,$13.50,$13.50 / 100G,,, Add to cart , Save to list 
Pocky Strawberry Value Pack 8 Pack,https://www.woolworths.com.au/shop/productdetails/65696/pocky-strawberry-value-pack,https://assets.woolworths.com.au/images/1005/65696.jpg?impolicy=wowsmkqiema&w=260&h=260,$6.00,$3.57 / 100G,,, Add to cart , Save to list 
Lakanto Monkfruit Pancake Mix Low Carb Protein 99% Sugar-free 200g,https://www.woolworths.com.au/shop/productdetails/142331/lakanto-monkfruit-pancake-mix-low-carb-protein-99-sugar-free,https://assets.woolworths.com.au/images/1005/142331.jpg?impolicy=wowsmkqiema&w=260&h=260,$6.00,$3.00 / 100G,,, Add to cart , Save to list 
Maggie Beer Rich & Thick Gravy Finishing Sauce 170g,https://www.woolworths.com.au/shop/productdetails/170141/maggie-beer-rich-thick-gravy-finishing-sauce,https://assets.woolworths.com.au/images/1005/170141.jpg?impolicy=wowsmkqiema&w=260&h=260,$4.75,$2.79 / 100G,,, Add to cart , Save to list 
Maille Mustard Dijonnaise 200ml,https://www.woolworths.com.au/shop/productdetails/111321/maille-mustard-dijonnaise,https://assets.woolworths.com.au/images/1005/111321.jpg?impolicy=wowsmkqiema&w=260&h=260,$5.00,$2.50 / 100ML,,, Add to cart , Save to list 
Mogu Mogu Mango Drink 1l,https://www.woolworths.com.au/shop/productdetails/67106/mogu-mogu-mango-drink,https://assets.woolworths.com.au/images/1005/67106.jpg?impolicy=wowsmkqiema&w=260&h=260,$3.95,$3.95 / 1L,,, Add to cart , Save to list 
Arnold's Farm Porridge Sachets Creamy Honey 8 Pack,https://www.woolworths.com.au/shop/productdetails/207996/arnold-s-farm-porridge-sachets-creamy-honey,https://assets.woolworths.com.au/images/1005/207996.jpg?impolicy=wowsmkqiema&w=260&h=260,$4.50,$1.22 / 100G,4.3,295, Add to cart , Save to list 
﻿Dollar Sweets Striped Party Pans Small Assorted 100 Pack,https://www.woolworths.com.au/shop/productdetails/147533/dollar-sweets-striped-party-pans-small-assorted,https://assets.woolworths.com.au/images/1005/147533.jpg?impolicy=wowsmkqiema&w=260&h=260,$3.00,$0.03 / 1EA,,, Add to cart , Save to list 
Keen's Meal Base Creamy Mild Chicken Curry 285g,https://www.woolworths.com.au/shop/productdetails/213157/keens-meal-base-creamy-mild-chicken-curry,https://assets.woolworths.com.au/images/1005/213157.jpg?impolicy=wowsmkqiema&w=260&h=260,$3.50,$1.23 / 100G,,, Add to cart , Save to list 
Nescafe Choc Hazelnut Mocha 98% Sugar Free 10 Pack,https://www.woolworths.com.au/shop/productdetails/224622/nescafe-choc-hazelnut-mocha-98-sugar-free,https://assets.woolworths.com.au/images/1005/224622.jpg?impolicy=wowsmkqiema&w=260&h=260,$7.60,$0.76 / 1EA,,, Add to cart , Save to list 
Old El Paso Gluten Free Enchilada Kit 518g,https://www.woolworths.com.au/shop/productdetails/8396/old-el-paso-gluten-free-enchilada-kit,https://assets.woolworths.com.au/images/1005/8396.jpg?impolicy=wowsmkqiema&w=260&h=260,$6.00,$1.16 / 100G,,, Add to cart , Save to list 
Passage To Asia Veg Curry Bowl Japanese Curry With Jasmine Rice 280g,https://www.woolworths.com.au/shop/productdetails/159133/passage-to-asia-veg-curry-bowl-japanese-curry-with-jasmine-rice,https://assets.woolworths.com.au/images/1005/159133.jpg?impolicy=wowsmkqiema&w=260&h=260,$3.85,$1.38 / 100G,,, Add to cart , Save to list 
Avalanche 99% Sugar Free Cappucinno 10 Pack,https://www.woolworths.com.au/shop/productdetails/700134/avalanche-99-sugar-free-cappucinno,https://assets.woolworths.com.au/images/1005/700134.jpg?impolicy=wowsmkqiema&w=260&h=260,$5.50,$0.55 / 1EA,,, Add to cart , Save to list 
Hamper Corned Beef Lite Canned Meat 340g,https://www.woolworths.com.au/shop/productdetails/101472/hamper-corned-beef-lite-canned-meat-corned-lite,https://assets.woolworths.com.au/images/1005/101472.jpg?impolicy=wowsmkqiema&w=260&h=260,$8.20,$24.12 / 1KG,,, Add to cart , Save to list 
Lavazza A Modo Mio Passionale Coffee Capsules 16 Pack,https://www.woolworths.com.au/shop/productdetails/554892/lavazza-a-modo-mio-passionale-coffee-capsules,https://assets.woolworths.com.au/images/1005/554892.jpg?impolicy=wowsmkqiema&w=260&h=260,$12.50,$0.78 / 1EA,,, Add to cart , Save to list 
Nescafe Vanilla Malt Latte 98% Sugar Free 10 Pack,https://www.woolworths.com.au/shop/productdetails/222700/nescafe-vanilla-malt-latte-98-sugar-free,https://assets.woolworths.com.au/images/1005/222700.jpg?impolicy=wowsmkqiema&w=260&h=260,$7.60,$0.76 / 1EA,,, Add to cart , Save to list 
Passage To Asia Veg Curry Bowl Thai Red Curry With Jasmine Rice 280g,https://www.woolworths.com.au/shop/productdetails/159148/passage-to-asia-veg-curry-bowl-thai-red-curry-with-jasmine-rice,https://assets.woolworths.com.au/images/1005/159148.jpg?impolicy=wowsmkqiema&w=260&h=260,$3.85,$1.38 / 100G,,, Add to cart , Save to list 
Woolworths Olive Oil Spanish Mellow 500ml,https://www.woolworths.com.au/shop/productdetails/698866/woolworths-olive-oil-spanish-mellow,https://assets.woolworths.com.au/images/1005/698866.jpg?impolicy=wowsmkqiema&w=260&h=260,$7.00,$1.40 / 100ML,4.3,715, Add to cart , Save to list 
Aeroplane Jelly Lite Lemon Flavour Low Calorie Jelly Crystals 2x9g,https://www.woolworths.com.au/shop/productdetails/754480/aeroplane-jelly-lite-lemon-flavour-low-calorie-jelly-crystals,https://assets.woolworths.com.au/images/1005/754480.jpg?impolicy=wowsmkqiema&w=260&h=260,$2.20,$12.22 / 100G,,, Add to cart , Save to list 
Bull's-eye Chilli Hot Sauce Louisiana Style Chipotle Cajun Spices 135ml,https://www.woolworths.com.au/shop/productdetails/164309/bull-s-eye-chilli-hot-sauce-louisiana-style-chipotle-cajun-spices,https://assets.woolworths.com.au/images/1005/164309.jpg?impolicy=wowsmkqiema&w=260&h=260,$4.75,$3.52 / 100ML,,, Add to cart , Save to list 
Cocolife Avocado Oil Spray 150ml,https://www.woolworths.com.au/shop/productdetails/819033/cocolife-avocado-oil-spray,https://assets.woolworths.com.au/images/1005/819033.jpg?impolicy=wowsmkqiema&w=260&h=260,$7.50,$5.00 / 100ML,,, Add to cart , Save to list 
Masterfoods Garlic Pepper 50g,https://www.woolworths.com.au/shop/productdetails/92154/masterfoods-garlic-pepper,https://assets.woolworths.com.au/images/1005/92154.jpg?impolicy=wowsmkqiema&w=260&h=260,$3.70,$0.74 / 10G,,, Add to cart , Save to list 
Nando's Extra Bloody Hot Peri-peri Chilli Sauce 250g,https://www.woolworths.com.au/shop/productdetails/122172/nando-s-extra-bloody-hot-peri-peri-chilli-sauce,https://assets.woolworths.com.au/images/1005/122172.jpg?impolicy=wowsmkqiema&w=260&h=260,$6.80,$2.72 / 100G,,, Add to cart , Save to list 
Barrs Irn Bru Drink Sparkling Can 330ml,https://www.woolworths.com.au/shop/productdetails/360834/barrs-irn-bru-drink-sparkling-can,https://assets.woolworths.com.au/images/1005/360834.jpg?impolicy=wowsmkqiema&w=260&h=260,$2.70,$8.18 / 1L,,, Add to cart , Save to list 
Carman's Antioxidant Granola Blueberry & Vanilla 425g,https://www.woolworths.com.au/shop/productdetails/272603/carman-s-antioxidant-granola-blueberry-vanilla,https://assets.woolworths.com.au/images/1005/272603.jpg?impolicy=wowsmkqiema&w=260&h=260,$6.90,$1.62 / 100G,,, Add to cart , Save to list 
Katoomba Ghee 700g,https://www.woolworths.com.au/shop/productdetails/123986/katoomba-ghee,https://assets.woolworths.com.au/images/1005/123986.jpg?impolicy=wowsmkqiema&w=260&h=260,$14.00,$2.00 / 100G,,, Add to cart , Save to list 
Lavazza Ground Coffee Torino Qualita Oro Arabica 1kg,https://www.woolworths.com.au/shop/productdetails/254602/lavazza-ground-coffee-torino-qualita-oro-arabica,https://assets.woolworths.com.au/images/1005/254602.jpg?impolicy=wowsmkqiema&w=260&h=260,$38.00,$3.80 / 100G,,, Add to cart , Save to list 
Sunsweet Prunes Prunes Snackpack 8 Pack,https://www.woolworths.com.au/shop/productdetails/202030/sunsweet-prunes-prunes-snackpack,https://assets.woolworths.com.au/images/1005/202030.jpg?impolicy=wowsmkqiema&w=260&h=260,$6.80,$32.69 / 1KG,,, Add to cart , Save to list 
Abc Chilli Sauce 335ml,https://www.woolworths.com.au/shop/productdetails/826968/abc-chilli-sauce,https://assets.woolworths.com.au/images/1005/826968.jpg?impolicy=wowsmkqiema&w=260&h=260,$3.40,$1.01 / 100ML,,, Add to cart , Save to list 
Hot Pot Casserole Base Curry 100g,https://www.woolworths.com.au/shop/productdetails/36438/hot-pot-casserole-base-curry,https://assets.woolworths.com.au/images/1005/36438.jpg?impolicy=wowsmkqiema&w=260&h=260,$2.99,$2.99 / 100G,,, Add to cart , Save to list 
Maggi Fusian Instant Soupy Noodles Vietnamese Beef & Lemongrass 5 Pack,https://www.woolworths.com.au/shop/productdetails/217413/maggi-fusian-instant-soupy-noodles-vietnamese-beef-lemongrass,https://assets.woolworths.com.au/images/1005/217413.jpg?impolicy=wowsmkqiema&w=260&h=260,$4.00,$1.23 / 100G,,, Add to cart , Save to list 
Sacred Grounds Single Origin Peru Ground Coffee 200g,https://www.woolworths.com.au/shop/productdetails/95826/sacred-grounds-single-origin-peru-ground-coffee,https://assets.woolworths.com.au/images/1005/95826.jpg?impolicy=wowsmkqiema&w=260&h=260,$12.00,$6.00 / 100G,,, Add to cart , Save to list 
"Chupa Chups Megatin, 1000 Lollipops",https://www.woolworths.com.au/shop/productdetails/1073973110/chupa-chups-megatin-1000-lollipops,https://assets.woolworths.com.au/images/1005/1073973110.jpg?impolicy=wowsmkqiema&w=260&h=260,$225.00,,,, Add to cart , Save to list 
Farmer Jo Gluten Free Paleo Granola Salted Maple Cashew 300g,https://www.woolworths.com.au/shop/productdetails/147895/farmer-jo-gluten-free-paleo-granola-salted-maple-cashew,https://assets.woolworths.com.au/images/1005/147895.jpg?impolicy=wowsmkqiema&w=260&h=260,$10.00,$3.33 / 100G,,, Add to cart , Save to list 
Jinmailang Emperor Noodle Spicy Chicken 114g,https://www.woolworths.com.au/shop/productdetails/364456/jinmailang-emperor-noodle-spicy-chicken,https://assets.woolworths.com.au/images/1005/364456.jpg?impolicy=wowsmkqiema&w=260&h=260,$1.20,$1.05 / 100G,,, Add to cart , Save to list 
Gravox Best Ever Bbq Chook Liquid Gravy Pouch 165g,https://www.woolworths.com.au/shop/productdetails/733630/gravox-best-ever-bbq-chook-liquid-gravy-pouch,https://assets.woolworths.com.au/images/1005/733630.jpg?impolicy=wowsmkqiema&w=260&h=260,$3.50,$2.12 / 100G,,, Add to cart , Save to list 
Green's Buttermilk Crepe Shake 300g,https://www.woolworths.com.au/shop/productdetails/856995/green-s-buttermilk-crepe-shake,https://assets.woolworths.com.au/images/1005/856995.jpg?impolicy=wowsmkqiema&w=260&h=260,$2.50,$0.83 / 100G,,, Add to cart , Save to list 
Kellogg's Rice Bubbles Multigrain Honey Flavour Breakfast Cereal 450g,https://www.woolworths.com.au/shop/productdetails/243854/kelloggs-rice-bubbles-multigrain-honey-flavour-breakfast-cereal,https://assets.woolworths.com.au/images/1005/243854.jpg?impolicy=wowsmkqiema&w=260&h=260,$6.00,$1.33 / 100G,,, Add to cart , Save to list 
Lee Kum Kee Oyster Stir Fry Sauce 255g,https://www.woolworths.com.au/shop/productdetails/238029/lee-kum-kee-oyster-stir-fry-sauce,https://assets.woolworths.com.au/images/1005/238029.jpg?impolicy=wowsmkqiema&w=260&h=260,$2.65,$1.04 / 100G,,, Add to cart , Save to list 
Marco Polo Pitted Cherries Pitted Fresh 670g,https://www.woolworths.com.au/shop/productdetails/47701/marco-polo-pitted-cherries-pitted-fresh,https://assets.woolworths.com.au/images/1005/47701.jpg?impolicy=wowsmkqiema&w=260&h=260,$4.40,$6.57 / 1KG,,, Add to cart , Save to list 
Mr Chen's Vietnamese Beef Pho Kit 500g,https://www.woolworths.com.au/shop/productdetails/123640/mr-chen-s-vietnamese-beef-pho-kit,https://assets.woolworths.com.au/images/1005/123640.jpg?impolicy=wowsmkqiema&w=260&h=260,$7.00,$1.40 / 100G,,, Add to cart , Save to list 
Queen Roses Icing Decorations 16 Pack,https://www.woolworths.com.au/shop/productdetails/662589/queen-roses-icing-decorations,https://assets.woolworths.com.au/images/1005/662589.jpg?impolicy=wowsmkqiema&w=260&h=260,$3.70,$23.13 / 100G,,, Add to cart , Save to list 
Woolworths Great Start Iron Cereal 400g,https://www.woolworths.com.au/shop/productdetails/677966/woolworths-great-start-iron-cereal,https://assets.woolworths.com.au/images/1005/677966.jpg?impolicy=wowsmkqiema&w=260&h=260,$3.50,$0.88 / 100G,3.9,385, Add to cart , Save to list 
Golden Circle Australian Canned Fruit Tinned Crushed Pineapple In Syrup 450g,https://www.woolworths.com.au/shop/productdetails/33427/golden-circle-australian-canned-fruit-tinned-crushed-pineapple-in-syrup,https://assets.woolworths.com.au/images/1005/33427.jpg?impolicy=wowsmkqiema&w=260&h=260,$4.40,$9.78 / 1KG,,, Add to cart , Save to list 
Green's Temptations Supreme Chocolate Cake Mix 630g,https://www.woolworths.com.au/shop/productdetails/142986/green-s-temptations-supreme-chocolate-cake-mix,https://assets.woolworths.com.au/images/1005/142986.jpg?impolicy=wowsmkqiema&w=260&h=260,$4.50,$0.71 / 100G,,, Add to cart , Save to list 
Mingle All Natural Seasoning Pizza 35g,https://www.woolworths.com.au/shop/productdetails/259270/mingle-all-natural-seasoning-pizza,https://assets.woolworths.com.au/images/1005/259270.jpg?impolicy=wowsmkqiema&w=260&h=260,$3.95,$1.13 / 10G,,, Add to cart , Save to list 
Noshu 95% Sugar Free Dark Chocolate Melts 150g,https://www.woolworths.com.au/shop/productdetails/182115/noshu-95-sugar-free-dark-chocolate-melts,https://assets.woolworths.com.au/images/1005/182115.jpg?impolicy=wowsmkqiema&w=260&h=260,$3.92,$2.61 / 100G,,, Add to cart , Save to list 
Aunt Betty's Saucy Centres Chocolate Puddings 2 Pack,https://www.woolworths.com.au/shop/productdetails/189746/aunt-betty-s-saucy-centres-chocolate-puddings,https://assets.woolworths.com.au/images/1005/189746.jpg?impolicy=wowsmkqiema&w=260&h=260,$5.50,$2.75 / 100G,,, Add to cart , Save to list 
Ayam Nasi Goreng Paste 185g,https://www.woolworths.com.au/shop/productdetails/717730/ayam-nasi-goreng-paste,https://assets.woolworths.com.au/images/1005/717730.jpg?impolicy=wowsmkqiema&w=260&h=260,$4.00,$2.16 / 100G,,, Add to cart , Save to list 
Betty Crocker Strawberries & Cream Cake Mix 540g,https://www.woolworths.com.au/shop/productdetails/760486/betty-crocker-strawberries-cream-cake-mix,https://assets.woolworths.com.au/images/1005/760486.jpg?impolicy=wowsmkqiema&w=260&h=260,$4.50,$0.83 / 100G,,, Add to cart , Save to list 
Katoomba Urid Dal 1kg,https://www.woolworths.com.au/shop/productdetails/754842/katoomba-urid-dal,https://assets.woolworths.com.au/images/1005/754842.jpg?impolicy=wowsmkqiema&w=260&h=260,$4.50,$0.45 / 100G,,, Add to cart , Save to list 
Praise Pasta Salad Dressing 330ml,https://www.woolworths.com.au/shop/productdetails/234315/praise-pasta-salad-dressing,https://assets.woolworths.com.au/images/1005/234315.jpg?impolicy=wowsmkqiema&w=260&h=260,$3.60,$1.09 / 100ML,,, Add to cart , Save to list 
Ssk Japanese Mayo 1kg,https://www.woolworths.com.au/shop/productdetails/803903/ssk-japanese-mayo,https://assets.woolworths.com.au/images/1005/803903.jpg?impolicy=wowsmkqiema&w=260&h=260,$12.00,$1.20 / 100G,,, Add to cart , Save to list 
Always Fresh Cucumbers Polish Ogor 680g,https://www.woolworths.com.au/shop/productdetails/36375/always-fresh-cucumbers-polish-ogor,https://assets.woolworths.com.au/images/1005/36375.jpg?impolicy=wowsmkqiema&w=260&h=260,$4.60,$6.76 / 1KG,,, Add to cart , Save to list 
Campbell's Real Stock Mushroom 1l,https://www.woolworths.com.au/shop/productdetails/258051/campbell-s-real-stock-mushroom,https://assets.woolworths.com.au/images/1005/258051.jpg?impolicy=wowsmkqiema&w=260&h=260,$3.50,$0.35 / 100ML,,, Add to cart , Save to list 
Fix And Fogg Smooth Peanut Butter 750g,https://www.woolworths.com.au/shop/productdetails/103333/fix-and-fogg-smooth-peanut-butter,https://assets.woolworths.com.au/images/1005/103333.jpg?impolicy=wowsmkqiema&w=260&h=260,$9.90,$1.32 / 100G,,, Add to cart , Save to list 
Frey Dark Crunchy Hazelnut Chocolate Block 100g,https://www.woolworths.com.au/shop/productdetails/94765/frey-dark-crunchy-hazelnut-chocolate-block,https://assets.woolworths.com.au/images/1005/94765.jpg?impolicy=wowsmkqiema&w=260&h=260,$2.80,$2.80 / 100G,4.3,447, Add to cart , Save to list 
Lao Gan Ma Chili In Oil 210g,https://www.woolworths.com.au/shop/productdetails/684011/lao-gan-ma-chili-in-oil,https://assets.woolworths.com.au/images/1005/684011.jpg?impolicy=wowsmkqiema&w=260&h=260,$4.40,$2.10 / 100G,,, Add to cart , Save to list 
Ayam Vegetarian Oyster Sauce 210ml,https://www.woolworths.com.au/shop/productdetails/683100/ayam-vegetarian-oyster-sauce,https://assets.woolworths.com.au/images/1005/683100.jpg?impolicy=wowsmkqiema&w=260&h=260,$4.00,$1.90 / 100ML,,, Add to cart , Save to list 
Green's Temptations Strawberry Mousse Mix 185g,https://www.woolworths.com.au/shop/productdetails/239301/green-s-temptations-strawberry-mousse-mix,https://assets.woolworths.com.au/images/1005/239301.jpg?impolicy=wowsmkqiema&w=260&h=260,$5.00,$2.70 / 100G,,, Add to cart , Save to list 
Grinders Coffee Capsules Double Espresso Caffitaly System 10 Pack,https://www.woolworths.com.au/shop/productdetails/483609/grinders-coffee-capsules-double-espresso-caffitaly-system,https://assets.woolworths.com.au/images/1005/483609.jpg?impolicy=wowsmkqiema&w=260&h=260,$8.00,$0.80 / 1EA,,, Add to cart , Save to list 
Laucke Pizza & Focaccia Dough Mix 1kg,https://www.woolworths.com.au/shop/productdetails/381343/laucke-pizza-focaccia-dough-mix,https://assets.woolworths.com.au/images/1005/381343.jpg?impolicy=wowsmkqiema&w=260&h=260,$6.80,$6.80 / 1KG,,, Add to cart , Save to list 
Moro Light Taste Olive Oil 4l,https://www.woolworths.com.au/shop/productdetails/43083/moro-light-taste-olive-oil,https://assets.woolworths.com.au/images/1005/43083.jpg?impolicy=wowsmkqiema&w=260&h=260,$48.00,$1.20 / 100ML,,, Add to cart , Save to list 
Three Threes Peppered Pickled Onions 500g,https://www.woolworths.com.au/shop/productdetails/540885/three-threes-peppered-pickled-onions,https://assets.woolworths.com.au/images/1005/540885.jpg?impolicy=wowsmkqiema&w=260&h=260,$5.10,$10.20 / 1KG,,, Add to cart , Save to list 
Always Fresh Organic Kalamata Pitted Olives 220g,https://www.woolworths.com.au/shop/productdetails/9214/always-fresh-organic-kalamata-pitted-olives,https://assets.woolworths.com.au/images/1005/9214.jpg?impolicy=wowsmkqiema&w=260&h=260,$6.50,$29.55 / 1KG,,, Add to cart , Save to list 
Frey Mint Chocolate 100g Block,https://www.woolworths.com.au/shop/productdetails/633676/frey-mint-chocolate,https://assets.woolworths.com.au/images/1005/633676.jpg?impolicy=wowsmkqiema&w=260&h=260,$2.80,$2.80 / 100G,4.1,494, Add to cart , Save to list 
Grinders Coffee Capsules Espresso Caffitaly System 10 Pack,https://www.woolworths.com.au/shop/productdetails/829495/grinders-coffee-capsules-espresso-caffitaly-system,https://assets.woolworths.com.au/images/1005/829495.jpg?impolicy=wowsmkqiema&w=260&h=260,$8.00,$0.80 / 1EA,,, Add to cart , Save to list 
Paldo Dosirac Hot Spicy Noodles King Cup 110g,https://www.woolworths.com.au/shop/productdetails/520203/paldo-dosirac-hot-spicy-noodles-king-cup,https://assets.woolworths.com.au/images/1005/520203.jpg?impolicy=wowsmkqiema&w=260&h=260,$2.70,$2.45 / 100G,,, Add to cart , Save to list 
Delta Chicco D'oro Ground Coffee 200g,https://www.woolworths.com.au/shop/productdetails/35051/delta-chicco-d-oro-ground-coffee,https://assets.woolworths.com.au/images/1005/35051.jpg?impolicy=wowsmkqiema&w=260&h=260,$4.00,$2.00 / 100G,,, Add to cart , Save to list 
Lotus Potato Starch Organic 375g,https://www.woolworths.com.au/shop/productdetails/1073840858/lotus-potato-starch-organic-375g,https://assets.woolworths.com.au/images/1005/1073840858.jpg?impolicy=wowsmkqiema&w=260&h=260,$12.59,$12.59 / 1EA,,, Add to cart , Save to list 
Raw C Liquid Coconut Oil 250ml,https://www.woolworths.com.au/shop/productdetails/739136/raw-c-liquid-coconut-oil,https://assets.woolworths.com.au/images/1005/739136.jpg?impolicy=wowsmkqiema&w=260&h=260,$8.80,$3.52 / 100ML,,, Add to cart , Save to list 
Hubbards Raspberry & Cacao Toasted Clusters 450g,https://www.woolworths.com.au/shop/productdetails/148873/hubbards-raspberry-cacao-toasted-clusters,https://assets.woolworths.com.au/images/1005/148873.jpg?impolicy=wowsmkqiema&w=260&h=260,$5.00,$1.11 / 100G,,, Add to cart , Save to list 
L'or Espresso Onyx Coffee Capsules 20 Pack,https://www.woolworths.com.au/shop/productdetails/687776/l-or-espresso-onyx-coffee-capsules,https://assets.woolworths.com.au/images/1005/687776.jpg?impolicy=wowsmkqiema&w=260&h=260,$13.00,$0.65 / 1EA,,, Add to cart , Save to list 
Lavazza Espresso Barista Intenso Coffee Beans 1kg,https://www.woolworths.com.au/shop/productdetails/94146/lavazza-espresso-barista-intenso-coffee-beans,https://assets.woolworths.com.au/images/1005/94146.jpg?impolicy=wowsmkqiema&w=260&h=260,$40.00,$4.00 / 100G,5.0,1, Add to cart , Save to list 
Nescafe Gold Smooth Instant Coffee 180g,https://www.woolworths.com.au/shop/productdetails/703743/nescafe-gold-smooth-instant-coffee,https://assets.woolworths.com.au/images/1005/703743.jpg?impolicy=wowsmkqiema&w=260&h=260,$15.00,$8.33 / 100G,,, Add to cart , Save to list 
Protea Foods South African Biltong Stokkies Traditional 200g,https://www.woolworths.com.au/shop/productdetails/720195/protea-foods-south-african-biltong-stokkies-traditional,https://assets.woolworths.com.au/images/1005/720195.jpg?impolicy=wowsmkqiema&w=260&h=260,$26.50,$13.25 / 100G,,, Add to cart , Save to list 
Arkadia Chai Tea Vanilla Sachets 10 Pack,https://www.woolworths.com.au/shop/productdetails/226870/arkadia-chai-tea-vanilla-sachets,https://assets.woolworths.com.au/images/1005/226870.jpg?impolicy=wowsmkqiema&w=260&h=260,$6.75,$0.68 / 1EA,,, Add to cart , Save to list 
Barkers Passionfruit Curd 400g,https://www.woolworths.com.au/shop/productdetails/93090/barker-s-passionfruit-curd,https://assets.woolworths.com.au/images/1005/93090.jpg?impolicy=wowsmkqiema&w=260&h=260,$6.30,$1.58 / 100G,,, Add to cart , Save to list 
Devondale Full Cream Milk Powder 1kg,https://www.woolworths.com.au/shop/productdetails/750005/devondale-full-cream-milk-powder,https://assets.woolworths.com.au/images/1005/750005.jpg?impolicy=wowsmkqiema&w=260&h=260,$16.50,$1.65 / 100G,,, Add to cart , Save to list 
Green's Temptations Chocolate Cupcake Mix 450g,https://www.woolworths.com.au/shop/productdetails/85691/green-s-temptations-chocolate-cupcake-mix,https://assets.woolworths.com.au/images/1005/85691.jpg?impolicy=wowsmkqiema&w=260&h=260,$4.50,$1.00 / 100G,,, Add to cart , Save to list 
Maggi Lamb Ragout Recipe Base 37g,https://www.woolworths.com.au/shop/productdetails/448580/maggi-lamb-ragout-recipe-base,https://assets.woolworths.com.au/images/1005/448580.jpg?impolicy=wowsmkqiema&w=260&h=260,$1.75,$4.73 / 100G,,, Add to cart , Save to list 
Always Fresh Organic Green Pitted Olives 220g,https://www.woolworths.com.au/shop/productdetails/9215/always-fresh-organic-green-pitted-olives,https://assets.woolworths.com.au/images/1005/9215.jpg?impolicy=wowsmkqiema&w=260&h=260,$6.50,$29.55 / 1KG,,, Add to cart , Save to list 
Carman's Grain Free Granola Almond Macadamia Cashew & Pecan 400g,https://www.woolworths.com.au/shop/productdetails/209633/carman-s-grain-free-granola-almond-macadamia-cashew-pecan,https://assets.woolworths.com.au/images/1005/209633.jpg?impolicy=wowsmkqiema&w=260&h=260,$15.00,$3.75 / 100G,,, Add to cart , Save to list 
Carman's Super Berry & Coconut Gourmet Porridge Sachets 320g,https://www.woolworths.com.au/shop/productdetails/435310/carman-s-super-berry-coconut-gourmet-porridge-sachets,https://assets.woolworths.com.au/images/1005/435310.jpg?impolicy=wowsmkqiema&w=260&h=260,$6.50,$2.03 / 100G,,, Add to cart , Save to list 
Macro Organic Dill Cucumbers 680g,https://www.woolworths.com.au/shop/productdetails/186159/macro-organic-dill-cucumbers,https://assets.woolworths.com.au/images/1005/186159.jpg?impolicy=wowsmkqiema&w=260&h=260,$5.00,$7.35 / 1KG,,, Add to cart , Save to list 
Plenty Cold Pressed Macadamia Oil 375ml,https://www.woolworths.com.au/shop/productdetails/137656/plenty-cold-pressed-macadamia-oil,https://assets.woolworths.com.au/images/1005/137656.jpg?impolicy=wowsmkqiema&w=260&h=260,$9.00,$2.40 / 100ML,,, Add to cart , Save to list 
"The Food Company Garlic, Ginger & Shallots 240g",https://www.woolworths.com.au/shop/productdetails/169764/the-food-company-garlic-ginger-shallots,https://assets.woolworths.com.au/images/1005/169764.jpg?impolicy=wowsmkqiema&w=260&h=260,$4.00,$0.17 / 10G,,, Add to cart , Save to list 
Dollar Sweets Vanilla Buttercream 420g,https://www.woolworths.com.au/shop/productdetails/109926/dollar-sweets-vanilla-buttercream,https://assets.woolworths.com.au/images/1005/109926.jpg?impolicy=wowsmkqiema&w=260&h=260,$4.50,$1.07 / 100G,,, Add to cart , Save to list 
Hart & Soul Nasi Goreng 250g,https://www.woolworths.com.au/shop/productdetails/805176/hart-soul-nasi-goreng,https://assets.woolworths.com.au/images/1005/805176.jpg?impolicy=wowsmkqiema&w=260&h=260,,,,,, Save to list 
L'or Espresso Colombia Intensity 8 Coffee Capsules 20 Pack,https://www.woolworths.com.au/shop/productdetails/90847/l-or-espresso-colombia-intensity-8-coffee-capsules,https://assets.woolworths.com.au/images/1005/90847.jpg?impolicy=wowsmkqiema&w=260&h=260,$13.00,$0.65 / 1EA,,, Add to cart , Save to list 
Lakanto Monkfruit Nas Vanilla Bakers Syrup 300ml,https://www.woolworths.com.au/shop/productdetails/214782/lakanto-monkfruit-nas-vanilla-bakers-syrup,https://assets.woolworths.com.au/images/1005/214782.jpg?impolicy=wowsmkqiema&w=260&h=260,$8.00,$2.67 / 100ML,,, Add to cart , Save to list 
Mama Pork Instant Noodles 90g X5 Pack,https://www.woolworths.com.au/shop/productdetails/85168/mama-pork-instant-noodles,https://assets.woolworths.com.au/images/1005/85168.jpg?impolicy=wowsmkqiema&w=260&h=260,$6.50,$1.44 / 100G,,, Add to cart , Save to list 
Plumrose Ham Leg 450g,https://www.woolworths.com.au/shop/productdetails/36434/plumrose-ham-leg,https://assets.woolworths.com.au/images/1005/36434.jpg?impolicy=wowsmkqiema&w=260&h=260,$11.00,$24.44 / 1KG,,, Add to cart , Save to list 
Sirena Vegetarian Ready To Eat Napoli Pasta 190g,https://www.woolworths.com.au/shop/productdetails/222371/sirena-vegetarian-ready-to-eat-napoli-pasta,https://assets.woolworths.com.au/images/1005/222371.jpg?impolicy=wowsmkqiema&w=260&h=260,$3.30,$1.74 / 100G,,, Add to cart , Save to list 
Always Fresh Medi French Duck Fat 200g,https://www.woolworths.com.au/shop/productdetails/929292/always-fresh-medi-french-duck-fat,https://assets.woolworths.com.au/images/1005/929292.jpg?impolicy=wowsmkqiema&w=260&h=260,$12.00,$6.00 / 100G,,, Add to cart , Save to list 
Australia's Own Barista Soy Milk 1l,https://www.woolworths.com.au/shop/productdetails/272321/australia-s-own-barista-soy-milk,https://assets.woolworths.com.au/images/1005/272321.jpg?impolicy=wowsmkqiema&w=260&h=260,$3.50,$3.50 / 1L,,, Add to cart , Save to list 
Ben's Original Lightly Flavoured Lime Rice 250g,https://www.woolworths.com.au/shop/productdetails/248288/ben-s-original-lightly-flavoured-lime-rice,https://assets.woolworths.com.au/images/1005/248288.jpg?impolicy=wowsmkqiema&w=260&h=260,$3.00,$1.20 / 100G,,, Add to cart , Save to list 
Fehlbergs European Style Dill Pickled Cucumbers 680g,https://www.woolworths.com.au/shop/productdetails/467387/fehlbergs-european-style-dill-pickled-cucumbers,https://assets.woolworths.com.au/images/1005/467387.jpg?impolicy=wowsmkqiema&w=260&h=260,$4.40,$6.47 / 1KG,,, Add to cart , Save to list 
Macro Australian Whole Grain Freekeh 500g,https://www.woolworths.com.au/shop/productdetails/698019/macro-australian-whole-grain-freekeh,https://assets.woolworths.com.au/images/1005/698019.jpg?impolicy=wowsmkqiema&w=260&h=260,$7.00,$1.40 / 100G,3.6,411, Add to cart , Save to list 
Macro Organic Corn Flakes Breakfast Cereal 270g,https://www.woolworths.com.au/shop/productdetails/162372/macro-organic-corn-flakes-breakfast-cereal,https://assets.woolworths.com.au/images/1005/162372.jpg?impolicy=wowsmkqiema&w=260&h=260,$3.50,$1.30 / 100G,3.9,24, Add to cart , Save to list 
Masterfoods Whole Cumin Seed 28g,https://www.woolworths.com.au/shop/productdetails/216503/masterfoods-whole-cumin-seed,https://assets.woolworths.com.au/images/1005/216503.jpg?impolicy=wowsmkqiema&w=260&h=260,$4.00,$1.43 / 10G,,, Add to cart , Save to list 
The Healthy Baker Protein Pancake Mix 400g,https://www.woolworths.com.au/shop/productdetails/143254/the-healthy-baker-protein-pancake-mix,https://assets.woolworths.com.au/images/1005/143254.jpg?impolicy=wowsmkqiema&w=260&h=260,$6.00,$1.50 / 100G,,, Add to cart , Save to list 
Creative Kitchen Ready To Roll Coloured Fondant Multipack 500g,https://www.woolworths.com.au/shop/productdetails/785164/creative-kitchen-ready-to-roll-coloured-fondant-multipack,https://assets.woolworths.com.au/images/1005/785164.jpg?impolicy=wowsmkqiema&w=260&h=260,$8.50,$1.70 / 100G,,, Add to cart , Save to list 
Hansells Creme Brulee 70g,https://www.woolworths.com.au/shop/productdetails/756792/hansells-creme-brulee,https://assets.woolworths.com.au/images/1005/756792.jpg?impolicy=wowsmkqiema&w=260&h=260,$1.75,$2.50 / 100G,,, Add to cart , Save to list 
Macro Organic Burger Pickles 680g,https://www.woolworths.com.au/shop/productdetails/186160/macro-organic-burger-pickles,https://assets.woolworths.com.au/images/1005/186160.jpg?impolicy=wowsmkqiema&w=260&h=260,$5.00,$7.35 / 1KG,,, Add to cart , Save to list 
Masterfoods Creamy Buffalo No Rules Sauce 250ml,https://www.woolworths.com.au/shop/productdetails/238383/masterfoods-creamy-buffalo-no-rules-sauce,https://assets.woolworths.com.au/images/1005/238383.jpg?impolicy=wowsmkqiema&w=260&h=260,$4.80,$1.92 / 100ML,,, Add to cart , Save to list 
Moro Light Taste Olive Oil 500ml,https://www.woolworths.com.au/shop/productdetails/49304/moro-light-taste-olive-oil,https://assets.woolworths.com.au/images/1005/49304.jpg?impolicy=wowsmkqiema&w=260&h=260,$9.80,$1.96 / 100ML,,, Add to cart , Save to list 
Nissin Tokyo Shoyu 5 Pack,https://www.woolworths.com.au/shop/productdetails/67613/nissin-tokyo-shoyu,https://assets.woolworths.com.au/images/1005/67613.jpg?impolicy=wowsmkqiema&w=260&h=260,$6.20,$1.17 / 100G,,, Add to cart , Save to list 
St Dalfour Lemon & Lime Fruit Spread 284g,https://www.woolworths.com.au/shop/productdetails/236521/st-dalfour-lemon-lime-fruit-spread,https://assets.woolworths.com.au/images/1005/236521.jpg?impolicy=wowsmkqiema&w=260&h=260,$5.70,$2.01 / 100G,,, Add to cart , Save to list 
Zhongxing Sushi Rice 5kg,https://www.woolworths.com.au/shop/productdetails/1073962761/zhongxing-sushi-rice-5kg,https://assets.woolworths.com.au/images/1005/1073962761.jpg?impolicy=wowsmkqiema&w=260&h=260,$38.99,$0.78 / 100G,,, Add to cart , Save to list 
Always Fresh Chilli Peppers Mild 310g,https://www.woolworths.com.au/shop/productdetails/464846/always-fresh-chilli-peppers-mild,https://assets.woolworths.com.au/images/1005/464846.jpg?impolicy=wowsmkqiema&w=260&h=260,$3.40,$10.97 / 1KG,,, Add to cart , Save to list 
Donna Hay Apple Cinnamon Crumble Cake Gluten Free Mix 530g,https://www.woolworths.com.au/shop/productdetails/85140/donna-hay-apple-cinnamon-crumble-cake-gluten-free-mix,https://assets.woolworths.com.au/images/1005/85140.jpg?impolicy=wowsmkqiema&w=260&h=260,$3.75,$0.71 / 100G,,, Add to cart , Save to list 
Gourmet Garden Mixed Herbs Lightly Dried 8g Sachet,https://www.woolworths.com.au/shop/productdetails/476796/gourmet-garden-mixed-herbs-lightly-dried,https://assets.woolworths.com.au/images/1005/476796.jpg?impolicy=wowsmkqiema&w=260&h=260,$4.00,$5.00 / 10G,,, Add to cart , Save to list 
Nature's Cuppa Freeze Dried Coffee Eco Organic 100g,https://www.woolworths.com.au/shop/productdetails/254591/nature-s-cuppa-freeze-dried-coffee-eco-organic,https://assets.woolworths.com.au/images/1005/254591.jpg?impolicy=wowsmkqiema&w=260&h=260,$12.00,$12.00 / 100G,5.0,1, Add to cart , Save to list 
Shan Arabic Seasoning Mix Shish Taouk 40g,https://www.woolworths.com.au/shop/productdetails/194335/shan-arabic-seasoning-mix-shish-taouk,https://assets.woolworths.com.au/images/1005/194335.jpg?impolicy=wowsmkqiema&w=260&h=260,$2.00,$5.00 / 100G,,, Add to cart , Save to list 
Dollar Sweets White Muffin Wraps 36 Pack,https://www.woolworths.com.au/shop/productdetails/183075/dollar-sweets-white-muffin-wraps,https://assets.woolworths.com.au/images/1005/183075.jpg?impolicy=wowsmkqiema&w=260&h=260,$4.50,$0.13 / 1EA,,, Add to cart , Save to list 
Monini Delicato Extra Virgin Olive Oil 750ml,https://www.woolworths.com.au/shop/productdetails/663195/monini-delicato-extra-virgin-olive-oil,https://assets.woolworths.com.au/images/1005/663195.jpg?impolicy=wowsmkqiema&w=260&h=260,$18.00,$2.40 / 100ML,,, Add to cart , Save to list 
Nestle Coffee & Milk Tin 395g,https://www.woolworths.com.au/shop/productdetails/160019/nestle-coffee-milk-tin,https://assets.woolworths.com.au/images/1005/160019.jpg?impolicy=wowsmkqiema&w=260&h=260,$5.00,$1.27 / 100G,5.0,1, Add to cart , Save to list 
Olivado Avocado Cooking Oil 250ml,https://www.woolworths.com.au/shop/productdetails/817084/olivado-avocado-cooking-oil,https://assets.woolworths.com.au/images/1005/817084.jpg?impolicy=wowsmkqiema&w=260&h=260,$9.00,$3.60 / 100ML,,, Add to cart , Save to list 
Frey Chocolate Block Sea Salt Caramel 100g,https://www.woolworths.com.au/shop/productdetails/526222/frey-chocolate-block-sea-salt-caramel,https://assets.woolworths.com.au/images/1005/526222.jpg?impolicy=wowsmkqiema&w=260&h=260,$2.80,$2.80 / 100G,3.5,5146, Add to cart , Save to list 
L'or Espresso Limited Creation Capsules 10 Pack,https://www.woolworths.com.au/shop/productdetails/157088/l-or-espresso-limited-creation-capsules,https://assets.woolworths.com.au/images/1005/157088.jpg?impolicy=wowsmkqiema&w=260&h=260,$5.50,$0.55 / 1EA,,, Add to cart , Save to list 
Maharajah's Choice Garam Masala 250g,https://www.woolworths.com.au/shop/productdetails/802417/maharajah-s-choice-garam-masala,https://assets.woolworths.com.au/images/1005/802417.jpg?impolicy=wowsmkqiema&w=260&h=260,$3.85,$1.54 / 100G,,, Add to cart , Save to list 
Dr. Oetker Ready To Roll Icing White 600g,https://www.woolworths.com.au/shop/productdetails/448647/dr-oetker-ready-to-roll-icing-white,https://assets.woolworths.com.au/images/1005/448647.jpg?impolicy=wowsmkqiema&w=260&h=260,$5.50,$0.92 / 100G,,, Add to cart , Save to list 
Marion's Kitchen Thai Yellow Curry Cooking Kit 404g,https://www.woolworths.com.au/shop/productdetails/101569/marion-s-kitchen-thai-yellow-curry-cooking-kit,https://assets.woolworths.com.au/images/1005/101569.jpg?impolicy=wowsmkqiema&w=260&h=260,$7.60,$1.88 / 100G,,, Add to cart , Save to list 
Mary Mack's Instant Batter Mix 150g,https://www.woolworths.com.au/shop/productdetails/58798/mary-mack-s-instant-batter-mix,https://assets.woolworths.com.au/images/1005/58798.jpg?impolicy=wowsmkqiema&w=260&h=260,$2.50,$0.17 / 10G,,, Add to cart , Save to list 
Masterfoods Creamy Chicken & Mushroom Recipe Base 175g,https://www.woolworths.com.au/shop/productdetails/169363/masterfoods-creamy-chicken-mushroom-recipe-base,https://assets.woolworths.com.au/images/1005/169363.jpg?impolicy=wowsmkqiema&w=260&h=260,$2.80,$1.60 / 100G,,, Add to cart , Save to list 
Mission Tortilla Triangles Jalapeno Poppers 400g,https://www.woolworths.com.au/shop/productdetails/265693/mission-tortilla-triangles-jalapeno-poppers,https://assets.woolworths.com.au/images/1005/265693.jpg?impolicy=wowsmkqiema&w=260&h=260,$5.60,$1.40 / 100G,,, Add to cart , Save to list 
Second House Pearl Couscous Moghrabiyeh 907g,https://www.woolworths.com.au/shop/productdetails/815768/second-house-pearl-couscous-moghrabiyeh,https://assets.woolworths.com.au/images/1005/815768.jpg?impolicy=wowsmkqiema&w=260&h=260,$5.40,$0.60 / 100G,,, Add to cart , Save to list 
Green's Protein Pancake Mix 325g,https://www.woolworths.com.au/shop/productdetails/212364/green-s-protein-pancake-mix,https://assets.woolworths.com.au/images/1005/212364.jpg?impolicy=wowsmkqiema&w=260&h=260,$4.50,$1.38 / 100G,,, Add to cart , Save to list 
Hong Gong Chili Oil 150ml,https://www.woolworths.com.au/shop/productdetails/6255/hong-gong-chili-oil,https://assets.woolworths.com.au/images/1005/6255.jpg?impolicy=wowsmkqiema&w=260&h=260,$3.20,$2.13 / 100ML,,, Add to cart , Save to list 
Marion's Kitchen Thai Red Curry Cooking Kit 394g,https://www.woolworths.com.au/shop/productdetails/100733/marion-s-kitchen-thai-red-curry-cooking-kit,https://assets.woolworths.com.au/images/1005/100733.jpg?impolicy=wowsmkqiema&w=260&h=260,$7.60,$1.93 / 100G,,, Add to cart , Save to list 
Queen Natural Food Colouring Rainbow 7ml X4 Pack,https://www.woolworths.com.au/shop/productdetails/743683/queen-natural-food-colouring-rainbow,https://assets.woolworths.com.au/images/1005/743683.jpg?impolicy=wowsmkqiema&w=260&h=260,$7.75,$2.77 / 10ML,,, Add to cart , Save to list 
Woolworths Beef Flavoured Gravy 200g,https://www.woolworths.com.au/shop/productdetails/182816/woolworths-beef-flavoured-gravy,https://assets.woolworths.com.au/images/1005/182816.jpg?impolicy=wowsmkqiema&w=260&h=260,$3.00,$1.50 / 100G,3.6,531, Add to cart , Save to list 
Baci Milk Truffle Share Bag 125g,https://www.woolworths.com.au/shop/productdetails/152962/baci-milk-truffle-share-bag,https://assets.woolworths.com.au/images/1005/152962.jpg?impolicy=wowsmkqiema&w=260&h=260,,,,,, Save to list 
Egmont Honey Manuka Honey Mgo 50+ 250g,https://www.woolworths.com.au/shop/productdetails/161876/egmont-honey-manuka-honey-mgo-50-,https://assets.woolworths.com.au/images/1005/161876.jpg?impolicy=wowsmkqiema&w=260&h=260,$10.00,$4.00 / 100G,,, Add to cart , Save to list 
Maggie Beer Chunky Mushroom Finishing Sauce 170g,https://www.woolworths.com.au/shop/productdetails/171110/maggie-beer-chunky-mushroom-finishing-sauce,https://assets.woolworths.com.au/images/1005/171110.jpg?impolicy=wowsmkqiema&w=260&h=260,$4.75,$2.79 / 100G,,, Add to cart , Save to list 
Woolworths Roasted & Diced Almonds 150g,https://www.woolworths.com.au/shop/productdetails/147615/woolworths-roasted-diced-almonds,https://assets.woolworths.com.au/images/1005/147615.jpg?impolicy=wowsmkqiema&w=260&h=260,$4.00,$26.67 / 1KG,4.6,596, Add to cart , Save to list 
Always Fresh Olives Pitted Kalamata 2kg,https://www.woolworths.com.au/shop/productdetails/733447/always-fresh-olives-pitted-kalamata,https://assets.woolworths.com.au/images/1005/733447.jpg?impolicy=wowsmkqiema&w=260&h=260,$16.80,$8.40 / 1KG,,, Add to cart , Save to list 
Always Fresh Olives Spanish Black 450g,https://www.woolworths.com.au/shop/productdetails/43112/always-fresh-olives-spanish-black,https://assets.woolworths.com.au/images/1005/43112.jpg?impolicy=wowsmkqiema&w=260&h=260,$3.80,$8.44 / 1KG,,, Add to cart , Save to list 
Celebrate Health Keto Vegan Aioli Gluten Free 430ml,https://www.woolworths.com.au/shop/productdetails/235057/celebrate-health-keto-vegan-aioli-gluten-free,https://assets.woolworths.com.au/images/1005/235057.jpg?impolicy=wowsmkqiema&w=260&h=260,$6.30,$1.47 / 100ML,,, Add to cart , Save to list 
Cobram Estate Garlic & Chilli Oil 250ml,https://www.woolworths.com.au/shop/productdetails/243862/cobram-estate-garlic-chilli-oil,https://assets.woolworths.com.au/images/1005/243862.jpg?impolicy=wowsmkqiema&w=260&h=260,$6.90,$2.76 / 100ML,,, Add to cart , Save to list 
Katoomba Ingredients Tyson Chickpeas 1kg,https://www.woolworths.com.au/shop/productdetails/753984/katoomba-ingredients-tyson-chickpeas,https://assets.woolworths.com.au/images/1005/753984.jpg?impolicy=wowsmkqiema&w=260&h=260,$2.50,$0.25 / 100G,,, Add to cart , Save to list 
Mood Peppermint & Passionflower Tea 10 Pack,https://www.woolworths.com.au/shop/productdetails/225951/mood-peppermint-passionflower-tea,https://assets.woolworths.com.au/images/1005/225951.jpg?impolicy=wowsmkqiema&w=260&h=260,$6.00,$0.60 / 1EA,,, Add to cart , Save to list 
Nescafe 98% Sugar Free Latte Caramel 26 Pack,https://www.woolworths.com.au/shop/productdetails/159246/nescafe-98-sugar-free-latte-caramel,https://assets.woolworths.com.au/images/1005/159246.jpg?impolicy=wowsmkqiema&w=260&h=260,$11.00,$0.42 / 1EA,,, Add to cart , Save to list 
Arnold's Farm Clusters Vanilla Almond 700g,https://www.woolworths.com.au/shop/productdetails/184975/arnold-s-farm-clusters-vanilla-almond,https://assets.woolworths.com.au/images/1005/184975.jpg?impolicy=wowsmkqiema&w=260&h=260,$5.50,$0.79 / 100G,4.3,1257, Add to cart , Save to list 
Dollar Sweets 100's and 1000's Sprinkles 1150g,https://www.woolworths.com.au/shop/productdetails/1074032852/dollar-sweets-100-s-and-1000-s-sprinkles-1150g,https://assets.woolworths.com.au/images/1005/1074032852.jpg?impolicy=wowsmkqiema&w=260&h=260,$29.99,$2.61 / 100G,,, Add to cart , Save to list 
Maggi Masala Noodles 8 Pack,https://www.woolworths.com.au/shop/productdetails/742654/maggi-masala-noodles,https://assets.woolworths.com.au/images/1005/742654.jpg?impolicy=wowsmkqiema&w=260&h=260,$4.50,$0.80 / 100G,,, Add to cart , Save to list 
Nature Nate's Raw & Unfiltered Honey 1kg,https://www.woolworths.com.au/shop/productdetails/164651/nature-nate-s-raw-unfiltered-honey,https://assets.woolworths.com.au/images/1005/164651.jpg?impolicy=wowsmkqiema&w=260&h=260,$17.00,$1.70 / 100G,,, Add to cart , Save to list 
Nirvana Organics Stevia Pure Extract Powder 100g,https://www.woolworths.com.au/shop/productdetails/1073777950/nirvana-organics-stevia-pure-extract-powder-100g,https://assets.woolworths.com.au/images/1005/1073777950.jpg?impolicy=wowsmkqiema&w=260&h=260,$42.95,$4.30 / 100G,,, Add to cart , Save to list 
Noshu 98% Sugar Free Rich Chocolate Cake Mix 450g,https://www.woolworths.com.au/shop/productdetails/182606/noshu-98-sugar-free-rich-chocolate-cake-mix,https://assets.woolworths.com.au/images/1005/182606.jpg?impolicy=wowsmkqiema&w=260&h=260,$6.50,$1.44 / 100G,,, Add to cart , Save to list 
Arnold's Farm Clusters Cocoa Cookie Crumble 700g,https://www.woolworths.com.au/shop/productdetails/243904/arnold-s-farm-clusters-cocoa-cookie-crumble,https://assets.woolworths.com.au/images/1005/243904.jpg?impolicy=wowsmkqiema&w=260&h=260,$5.50,$0.79 / 100G,,, Add to cart , Save to list 
Fehlbergs Onions Pickled 500g,https://www.woolworths.com.au/shop/productdetails/74080/fehlbergs-onions-pickled,https://assets.woolworths.com.au/images/1005/74080.jpg?impolicy=wowsmkqiema&w=260&h=260,$4.80,$9.60 / 1KG,,, Add to cart , Save to list 
Rowntrees Fruit Gums Bag 150g,https://www.woolworths.com.au/shop/productdetails/242153/rowntrees-fruit-gums-bag,https://assets.woolworths.com.au/images/1005/242153.jpg?impolicy=wowsmkqiema&w=260&h=260,$5.50,$3.67 / 100G,,, Add to cart , Save to list 
Vittoria Coffee Decaffinated Coffee Beans 500g,https://www.woolworths.com.au/shop/productdetails/223415/vittoria-coffee-decaffinated-coffee-beans,https://assets.woolworths.com.au/images/1005/223415.jpg?impolicy=wowsmkqiema&w=260&h=260,$25.00,$5.00 / 100G,,, Add to cart , Save to list 
Bull's-eye Chilli Hot Sauce Kentucky Style Habanero With Whisky 135ml,https://www.woolworths.com.au/shop/productdetails/165344/bull-s-eye-chilli-hot-sauce-kentucky-style-habanero-with-whisky,https://assets.woolworths.com.au/images/1005/165344.jpg?impolicy=wowsmkqiema&w=260&h=260,$4.75,$3.52 / 100ML,,, Add to cart , Save to list 
Carman's Oat Clusters Grains & Coconut 750g,https://www.woolworths.com.au/shop/productdetails/64138/carman-s-oat-clusters-grains-coconut,https://assets.woolworths.com.au/images/1005/64138.jpg?impolicy=wowsmkqiema&w=260&h=260,$7.00,$0.93 / 100G,,, Add to cart , Save to list 
Dollar Sweets Cake Decoration Fairy Toppings 145g,https://www.woolworths.com.au/shop/productdetails/773763/dollar-sweets-cake-decoration-fairy-toppings,https://assets.woolworths.com.au/images/1005/773763.jpg?impolicy=wowsmkqiema&w=260&h=260,$6.00,$4.14 / 100G,,, Add to cart , Save to list 
Goulburn Valley Two Fruits In Juice Fruit Cups 2 X 170g,https://www.woolworths.com.au/shop/productdetails/591490/goulburn-valley-two-fruits-in-juice-fruit-cups-in-juice,https://assets.woolworths.com.au/images/1005/591490.jpg?impolicy=wowsmkqiema&w=260&h=260,$4.50,$13.24 / 1KG,,, Add to cart , Save to list 
Lowan Quick Whole Grain Oats 1kg,https://www.woolworths.com.au/shop/productdetails/321862/lowan-quick-whole-grain-oats,https://assets.woolworths.com.au/images/1005/321862.jpg?impolicy=wowsmkqiema&w=260&h=260,$4.30,$0.43 / 100G,,, Add to cart , Save to list 
Macro Natural Pine Nuts 150g,https://www.woolworths.com.au/shop/productdetails/91124/macro-natural-pine-nuts,https://assets.woolworths.com.au/images/1005/91124.jpg?impolicy=wowsmkqiema&w=260&h=260,$11.50,$76.67 / 1KG,4.7,480, Add to cart , Save to list 
Kushi Lychee Juice 1l,https://www.woolworths.com.au/shop/productdetails/667709/kushi-lychee-juice,https://assets.woolworths.com.au/images/1005/667709.jpg?impolicy=wowsmkqiema&w=260&h=260,$2.95,$0.30 / 100ML,,, Add to cart , Save to list 
The Dutch Company Almond Fingers 5 Pack,https://www.woolworths.com.au/shop/productdetails/58587/the-dutch-company-almond-fingers,https://assets.woolworths.com.au/images/1005/58587.jpg?impolicy=wowsmkqiema&w=260&h=260,$4.80,$2.09 / 100G,,, Add to cart , Save to list 
Wel Pac Panko Bread Crumbs 350g,https://www.woolworths.com.au/shop/productdetails/669020/wel-pac-panko-bread-crumbs,https://assets.woolworths.com.au/images/1005/669020.jpg?impolicy=wowsmkqiema&w=260&h=260,$3.50,$1.00 / 100G,,, Add to cart , Save to list 
Campos Decaf Ground Coffee 250g,https://www.woolworths.com.au/shop/productdetails/222156/campos-decaf-ground-coffee,https://assets.woolworths.com.au/images/1005/222156.jpg?impolicy=wowsmkqiema&w=260&h=260,$16.90,$6.76 / 100G,,, Add to cart , Save to list 
Carman's Rolled Australian Oats 1kg,https://www.woolworths.com.au/shop/productdetails/208445/carman-s-rolled-australian-oats,https://assets.woolworths.com.au/images/1005/208445.jpg?impolicy=wowsmkqiema&w=260&h=260,$6.00,$0.60 / 100G,,, Add to cart , Save to list 
Cobram Estate Olive Oil Roasted Onion Infused 250ml,https://www.woolworths.com.au/shop/productdetails/929191/cobram-estate-olive-oil-roasted-onion-infused,https://assets.woolworths.com.au/images/1005/929191.jpg?impolicy=wowsmkqiema&w=260&h=260,$6.90,$2.76 / 100ML,,, Add to cart , Save to list 
Creative Kitchen Mini Flowers Cake Decorations 48 Pack,https://www.woolworths.com.au/shop/productdetails/828736/creative-kitchen-mini-flowers-cake-decorations,https://assets.woolworths.com.au/images/1005/828736.jpg?impolicy=wowsmkqiema&w=260&h=260,$3.50,$0.07 / 1EA,,, Add to cart , Save to list 
Dollar Sweets 10 Inch Round Cake Board 2 Pack,https://www.woolworths.com.au/shop/productdetails/804124/dollar-sweets-10-inch-round-cake-board,https://assets.woolworths.com.au/images/1005/804124.jpg?impolicy=wowsmkqiema&w=260&h=260,$3.25,$1.63 / 1EA,,, Add to cart , Save to list 
Frey Supreme Dark Intense 91% Chocolate Block 100g,https://www.woolworths.com.au/shop/productdetails/84593/frey-supreme-dark-intense-91-chocolate-block,https://assets.woolworths.com.au/images/1005/84593.jpg?impolicy=wowsmkqiema&w=260&h=260,$2.80,$2.80 / 100G,3.1,579, Add to cart , Save to list 
Gold'n Canola Canola Oil 4l,https://www.woolworths.com.au/shop/productdetails/77770/gold-n-canola-canola-oil,https://assets.woolworths.com.au/images/1005/77770.jpg?impolicy=wowsmkqiema&w=260&h=260,$20.00,$0.50 / 100ML,,, Add to cart , Save to list 
Lucky Natural Pine Nuts 110g,https://www.woolworths.com.au/shop/productdetails/246774/lucky-natural-pine-nuts,https://assets.woolworths.com.au/images/1005/246774.jpg?impolicy=wowsmkqiema&w=260&h=260,$7.75,$7.05 / 100G,,, Add to cart , Save to list 
Marion's Kitchen Green Curry Paste 190g,https://www.woolworths.com.au/shop/productdetails/236359/marion-s-kitchen-green-curry-paste,https://assets.woolworths.com.au/images/1005/236359.jpg?impolicy=wowsmkqiema&w=260&h=260,$5.00,$2.63 / 100G,,, Add to cart , Save to list 
Mayver's Extra Crunchy Peanut Butter 375g,https://www.woolworths.com.au/shop/productdetails/97301/mayver-s-extra-crunchy-peanut-butter,https://assets.woolworths.com.au/images/1005/97301.jpg?impolicy=wowsmkqiema&w=260&h=260,$5.80,$1.55 / 100G,,, Add to cart , Save to list 
Orgran Gluten Free Pasta Garden Veggie Spirals 300g,https://www.woolworths.com.au/shop/productdetails/216858/orgran-gluten-free-pasta-garden-veggie-spirals,https://assets.woolworths.com.au/images/1005/216858.jpg?impolicy=wowsmkqiema&w=260&h=260,$4.00,$1.33 / 100G,,, Add to cart , Save to list 
Carman's Protein Rich Australian Oats 500g,https://www.woolworths.com.au/shop/productdetails/208312/carman-s-protein-rich-australian-oats,https://assets.woolworths.com.au/images/1005/208312.jpg?impolicy=wowsmkqiema&w=260&h=260,$5.00,$1.00 / 100G,,, Add to cart , Save to list 
Coco Earth Chicken Tikka Masala With Naan 360g,https://www.woolworths.com.au/shop/productdetails/161486/coco-earth-chicken-tikka-masala-with-naan,https://assets.woolworths.com.au/images/1005/161486.jpg?impolicy=wowsmkqiema&w=260&h=260,$5.00,$1.39 / 100G,5.0,1, Add to cart , Save to list 
"GODIVA Easter Most Loved Belgian Chocolate Coated Pearls (Fruit & Nuts), 300g  (2 Pack)",https://www.woolworths.com.au/shop/productdetails/1074164579/godiva-easter-most-loved-belgian-chocolate-coated-pearls-fruit-nuts-300g-2-pack-,https://assets.woolworths.com.au/images/1005/1074164579.jpg?impolicy=wowsmkqiema&w=260&h=260,$60.00,$30.00 / 100G,,, Add to cart , Save to list 
M&M's Milk Chocolate Jar 1.2kg x 2,https://www.woolworths.com.au/shop/productdetails/1074032836/m-m-s-milk-chocolate-jar-1-2kg-x-2,https://assets.woolworths.com.au/images/1005/1074032836.jpg?impolicy=wowsmkqiema&w=260&h=260,$64.39,$32.20 / 1EA,,, Add to cart , Save to list 
Maharajah's Choice Cumin Seed 250g,https://www.woolworths.com.au/shop/productdetails/798354/maharajah-s-choice-cumin-seed,https://assets.woolworths.com.au/images/1005/798354.jpg?impolicy=wowsmkqiema&w=260&h=260,$3.00,$1.20 / 100G,,, Add to cart , Save to list 
Old Mule Chao Tian Spicy Crispy Medium Spicy 240g x 3Pack,https://www.woolworths.com.au/shop/productdetails/1073962971/old-mule-chao-tian-spicy-crispy-medium-spicy-240g-x-3pack,https://assets.woolworths.com.au/images/1005/1073962971.jpg?impolicy=wowsmkqiema&w=260&h=260,$25.49,$3.54 / 100G,,, Add to cart , Save to list 
Always Fresh Baby Cucumbers With Chilli 350g,https://www.woolworths.com.au/shop/productdetails/620060/always-fresh-baby-cucumbers-with-chilli,https://assets.woolworths.com.au/images/1005/620060.jpg?impolicy=wowsmkqiema&w=260&h=260,$4.60,$1.31 / 100G,,, Add to cart , Save to list 
Hellmann's Light Mayo Squeeze Bottle 432g,https://www.woolworths.com.au/shop/productdetails/232236/hellmann-s-light-mayo-squeeze-bottle,https://assets.woolworths.com.au/images/1005/232236.jpg?impolicy=wowsmkqiema&w=260&h=260,$8.00,$1.85 / 100G,,, Add to cart , Save to list 
Lee Kum Kee Oyster Sauce Premium 510g,https://www.woolworths.com.au/shop/productdetails/364448/lee-kum-kee-oyster-sauce-premium,https://assets.woolworths.com.au/images/1005/364448.jpg?impolicy=wowsmkqiema&w=260&h=260,$8.70,$1.71 / 100G,,, Add to cart , Save to list 
Masterfoods Cloves Ground 26g,https://www.woolworths.com.au/shop/productdetails/44760/masterfoods-cloves-ground,https://assets.woolworths.com.au/images/1005/44760.jpg?impolicy=wowsmkqiema&w=260&h=260,$5.20,$2.00 / 10G,,, Add to cart , Save to list 
Queen Finest Lemon Natural Extract Intense Flavour 50ml,https://www.woolworths.com.au/shop/productdetails/189735/queen-finest-lemon-natural-extract-intense-flavour,https://assets.woolworths.com.au/images/1005/189735.jpg?impolicy=wowsmkqiema&w=260&h=260,$2.50,$0.50 / 10ML,,, Add to cart , Save to list 
The Rice Company Italian Risotto Rice 500g,https://www.woolworths.com.au/shop/productdetails/222591/trc-italian-risotto-rice-500g-the-rice-company-italian-risotto-rice,https://assets.woolworths.com.au/images/1005/222591.jpg?impolicy=wowsmkqiema&w=260&h=260,$5.00,$1.00 / 100G,,, Add to cart , Save to list 
Aunt Betty's Gluten Free Chocolate 2x95g,https://www.woolworths.com.au/shop/productdetails/661046/aunt-betty-s-gluten-free-chocolate,https://assets.woolworths.com.au/images/1005/661046.jpg?impolicy=wowsmkqiema&w=260&h=260,$2.45,$1.29 / 100G,,, Add to cart , Save to list 
Capilano 100% Pure Australian Honey Non Active Manuka Squeeze 340g,https://www.woolworths.com.au/shop/productdetails/373041/capilano-100-pure-australian-honey-non-active-manuka-squeeze,https://assets.woolworths.com.au/images/1005/373041.jpg?impolicy=wowsmkqiema&w=260&h=260,$8.50,$2.50 / 100G,,, Add to cart , Save to list 
Dollar Sweets Artificial Food Colours 8 Pack,https://www.woolworths.com.au/shop/productdetails/147762/dollar-sweets-artificial-food-colours,https://assets.woolworths.com.au/images/1005/147762.jpg?impolicy=wowsmkqiema&w=260&h=260,$7.00,$0.88 / 10ML,,, Add to cart , Save to list 
Lavazza A Modo Mio Crema E Gusto Espresso Coffee Capsules 16 Pack,https://www.woolworths.com.au/shop/productdetails/95166/lavazza-a-modo-mio-crema-e-gusto-espresso-coffee-capsules,https://assets.woolworths.com.au/images/1005/95166.jpg?impolicy=wowsmkqiema&w=260&h=260,$12.50,$0.78 / 1EA,,, Add to cart , Save to list 
Okf Okf Farmer's Aloe Vera Mango Drink 1.5l,https://www.woolworths.com.au/shop/productdetails/122675/okf-farmer-s-aloe-vera-mango-drink,https://assets.woolworths.com.au/images/1005/122675.jpg?impolicy=wowsmkqiema&w=260&h=260,$3.85,$0.26 / 100ML,,, Add to cart , Save to list 
Plenty Cold Pressed Flaxseed Oil 375ml,https://www.woolworths.com.au/shop/productdetails/137539/plenty-cold-pressed-flaxseed-oil,https://assets.woolworths.com.au/images/1005/137539.jpg?impolicy=wowsmkqiema&w=260&h=260,$11.00,$2.93 / 100ML,,, Add to cart , Save to list 
Bushells Coffee Essence Sweet Chicory 250ml,https://www.woolworths.com.au/shop/productdetails/33839/bushells-coffee-essence-sweet-chicory,https://assets.woolworths.com.au/images/1005/33839.jpg?impolicy=wowsmkqiema&w=260&h=260,$6.00,$2.40 / 100ML,,, Add to cart , Save to list 
Creative Kitchen Marzipan 250g,https://www.woolworths.com.au/shop/productdetails/490830/creative-kitchen-marzipan,https://assets.woolworths.com.au/images/1005/490830.jpg?impolicy=wowsmkqiema&w=260&h=260,$6.00,$2.40 / 100G,,, Add to cart , Save to list 
Marion's Kitchen Red Curry Paste 190g,https://www.woolworths.com.au/shop/productdetails/237906/marion-s-kitchen-red-curry-paste,https://assets.woolworths.com.au/images/1005/237906.jpg?impolicy=wowsmkqiema&w=260&h=260,$5.00,$2.63 / 100G,,, Add to cart , Save to list 
Mccormick Air Fryer Japanese Style Karaage Chicken Recipe Base 95g,https://www.woolworths.com.au/shop/productdetails/219168/mccormick-air-fryer-japanese-style-karaage-chicken-recipe-base,https://assets.woolworths.com.au/images/1005/219168.jpg?impolicy=wowsmkqiema&w=260&h=260,$2.50,$2.63 / 100G,,, Add to cart , Save to list 
Queen Finest Almond Natural Extract Intense Flavour 50ml,https://www.woolworths.com.au/shop/productdetails/190407/queen-finest-almond-natural-extract-intense-flavour,https://assets.woolworths.com.au/images/1005/190407.jpg?impolicy=wowsmkqiema&w=260&h=260,$2.50,$0.50 / 10ML,,, Add to cart , Save to list 
Coco Earth Organic Liquid Coconut Premium Oil Mct 100% Pure 250ml,https://www.woolworths.com.au/shop/productdetails/175671/coco-earth-organic-liquid-coconut-premium-oil-mct-100-pure,https://assets.woolworths.com.au/images/1005/175671.jpg?impolicy=wowsmkqiema&w=260&h=260,$9.50,$3.80 / 100ML,,, Add to cart , Save to list 
Mayvers Peanut Butter Protein + 750g,https://www.woolworths.com.au/shop/productdetails/235751/mayvers-peanut-butter-protein-,https://assets.woolworths.com.au/images/1005/235751.jpg?impolicy=wowsmkqiema&w=260&h=260,$10.80,$1.44 / 100G,,, Add to cart , Save to list 
Tilda Pure Original Basmati Rice 1kg,https://www.woolworths.com.au/shop/productdetails/95413/tilda-pure-original-basmati-rice,https://assets.woolworths.com.au/images/1005/95413.jpg?impolicy=wowsmkqiema&w=260&h=260,$6.95,$0.70 / 100G,,, Add to cart , Save to list 
Trolli Sour Cola Club 1kg,https://www.woolworths.com.au/shop/productdetails/1074014368/trolli-sour-cola-club-1kg,https://assets.woolworths.com.au/images/1005/1074014368.jpg?impolicy=wowsmkqiema&w=260&h=260,$10.00,$10.00 / 1EA,,, Add to cart , Save to list 
Baxter's Fig & Date Balsamic Chutney 235g,https://www.woolworths.com.au/shop/productdetails/622040/baxter-s-fig-date-balsamic-chutney,https://assets.woolworths.com.au/images/1005/622040.jpg?impolicy=wowsmkqiema&w=260&h=260,$5.00,$2.13 / 100G,,, Add to cart , Save to list 
Beerenberg Fruit Chutney 290g,https://www.woolworths.com.au/shop/productdetails/261314/beerenberg-fruit-chutney,https://assets.woolworths.com.au/images/1005/261314.jpg?impolicy=wowsmkqiema&w=260&h=260,$5.50,$1.90 / 100G,,, Add to cart , Save to list 
Famous House Mango Milk 500ml,https://www.woolworths.com.au/shop/productdetails/661829/famous-house-mango-milk,https://assets.woolworths.com.au/images/1005/661829.jpg?impolicy=wowsmkqiema&w=260&h=260,$2.60,$0.52 / 100ML,,, Add to cart , Save to list 
Turkish Delight Showbag,https://www.woolworths.com.au/shop/productdetails/1073962373/turkish-delight-showbag,https://assets.woolworths.com.au/images/1005/1073962373.jpg?impolicy=wowsmkqiema&w=260&h=260,$14.45,,,, Add to cart , Save to list 
Woolworths Banana Blossom In Water 400g,https://www.woolworths.com.au/shop/productdetails/134875/woolworths-banana-blossom-in-water,https://assets.woolworths.com.au/images/1005/134875.jpg?impolicy=wowsmkqiema&w=260&h=260,$2.75,$6.88 / 1KG,2.0,483, Add to cart , Save to list 
Woolworths Chicken Flavoured Gravy 200g,https://www.woolworths.com.au/shop/productdetails/182815/woolworths-chicken-flavoured-gravy,https://assets.woolworths.com.au/images/1005/182815.jpg?impolicy=wowsmkqiema&w=260&h=260,$3.00,$1.50 / 100G,3.7,467, Add to cart , Save to list 
Angas Park Pitted Dates 500g,https://www.woolworths.com.au/shop/productdetails/205470/angas-park-pitted-dates,https://assets.woolworths.com.au/images/1005/205470.jpg?impolicy=wowsmkqiema&w=260&h=260,$5.50,$11.00 / 1KG,,, Add to cart , Save to list 
Bragg Seasoning Nutritional Yeast 127g,https://www.woolworths.com.au/shop/productdetails/1073777099/bragg-seasoning-nutritional-yeast-127g,https://assets.woolworths.com.au/images/1005/1073777099.jpg?impolicy=wowsmkqiema&w=260&h=260,$19.95,$79.80 / 1L,,, Add to cart , Save to list 
Cockatoo Grove Organic Australian Extra Virgin Olive Oil 500ml,https://www.woolworths.com.au/shop/productdetails/81782/cockatoo-grove-organic-australian-extra-virgin-olive-oil,https://assets.woolworths.com.au/images/1005/81782.jpg?impolicy=wowsmkqiema&w=260&h=260,$12.00,$2.40 / 100ML,,, Add to cart , Save to list 
Fehlbergs Chipotle Cucumbers 470g,https://www.woolworths.com.au/shop/productdetails/691119/fehlbergs-chipotle-cucumbers,https://assets.woolworths.com.au/images/1005/691119.jpg?impolicy=wowsmkqiema&w=260&h=260,$5.00,$1.06 / 100G,,, Add to cart , Save to list 
Kong Foo Sing Snacks Fortune Cookies 100g,https://www.woolworths.com.au/shop/productdetails/9105/kong-foo-sing-snacks-fortune-cookies,https://assets.woolworths.com.au/images/1005/9105.jpg?impolicy=wowsmkqiema&w=260&h=260,$4.80,$4.80 / 100G,,, Add to cart , Save to list 
Queen Metallic Icing Writing Gel 5 Pack,https://www.woolworths.com.au/shop/productdetails/68712/queen-metallic-icing-writing-gel,https://assets.woolworths.com.au/images/1005/68712.jpg?impolicy=wowsmkqiema&w=260&h=260,$5.25,$5.00 / 100G,,, Add to cart , Save to list 
Wei Lei Onion Noodles 5 Pack,https://www.woolworths.com.au/shop/productdetails/794619/wei-lei-onion-noodles,https://assets.woolworths.com.au/images/1005/794619.jpg?impolicy=wowsmkqiema&w=260&h=260,$6.50,$1.53 / 100G,,, Add to cart , Save to list 
Green's Temptations Cinnamon Donut Pancake Shake 325g,https://www.woolworths.com.au/shop/productdetails/143217/green-s-temptations-cinnamon-donut-pancake-shake,https://assets.woolworths.com.au/images/1005/143217.jpg?impolicy=wowsmkqiema&w=260&h=260,$4.50,$1.38 / 100G,,, Add to cart , Save to list 
Maggi Mild Korma Curry Recipe Base 35g,https://www.woolworths.com.au/shop/productdetails/218843/maggi-mild-korma-curry-recipe-base,https://assets.woolworths.com.au/images/1005/218843.jpg?impolicy=wowsmkqiema&w=260&h=260,$1.75,$4.61 / 100G,,, Add to cart , Save to list 
Mayver's Dark Roasted Extra Crunchy Peanut Butter 375g,https://www.woolworths.com.au/shop/productdetails/159971/mayver-s-dark-roasted-extra-crunchy-peanut-butter,https://assets.woolworths.com.au/images/1005/159971.jpg?impolicy=wowsmkqiema&w=260&h=260,$5.80,$1.55 / 100G,,, Add to cart , Save to list 
Mckenzie's Barley & Freekeh 375g,https://www.woolworths.com.au/shop/productdetails/214129/mckenzie-s-barley-freekeh,https://assets.woolworths.com.au/images/1005/214129.jpg?impolicy=wowsmkqiema&w=260&h=260,$2.60,$0.69 / 100G,,, Add to cart , Save to list 
Woolworths Plantitude Mexican Burrito Bowl With Jackfruit & Rice 350g,https://www.woolworths.com.au/shop/productdetails/190100/woolworths-plantitude-mexican-burrito-bowl-with-jackfruit-rice,https://assets.woolworths.com.au/images/1005/190100.jpg?impolicy=wowsmkqiema&w=260&h=260,$5.00,$1.43 / 100G,,, Add to cart , Save to list 
Dollar Sweets Happy Birthday Candle Each,https://www.woolworths.com.au/shop/productdetails/211984/dollar-sweets-happy-birthday-candle,https://assets.woolworths.com.au/images/1005/211984.jpg?impolicy=wowsmkqiema&w=260&h=260,$3.00,$1.00 / 1EA,,, Add to cart , Save to list 
Tilda Heat & Serve Brown Basmati Rice & Quinoa 250g,https://www.woolworths.com.au/shop/productdetails/792476/tilda-heat-serve-brown-basmati-rice-quinoa,https://assets.woolworths.com.au/images/1005/792476.jpg?impolicy=wowsmkqiema&w=260&h=260,$3.50,$1.40 / 100G,,, Add to cart , Save to list 
Archibald's Pure Australian Honey 680g,https://www.woolworths.com.au/shop/productdetails/250402/archibald-s-pure-australian-honey,https://assets.woolworths.com.au/images/1005/250402.jpg?impolicy=wowsmkqiema&w=260&h=260,$9.90,$1.46 / 100G,5.0,1, Add to cart , Save to list 
Kikkoman Sweet Chilli Dipping Sauce Gluten Free 250g,https://www.woolworths.com.au/shop/productdetails/234030/kikkoman-sweet-chilli-dipping-sauce-gluten-free,https://assets.woolworths.com.au/images/1005/234030.jpg?impolicy=wowsmkqiema&w=260&h=260,$2.40,$0.96 / 100G,,, Add to cart , Save to list 
Masterfoods Carbonara Recipe Base 170g,https://www.woolworths.com.au/shop/productdetails/840611/masterfoods-carbonara-recipe-base,https://assets.woolworths.com.au/images/1005/840611.jpg?impolicy=wowsmkqiema&w=260&h=260,,,,,, Save to list 
Nescafe Blend 43 Espresso Soluble Instant Coffee 300g,https://www.woolworths.com.au/shop/productdetails/212138/nescafe-blend-43-espresso-soluble-instant-coffee,https://assets.woolworths.com.au/images/1005/212138.jpg?impolicy=wowsmkqiema&w=260&h=260,$17.40,$5.80 / 100G,,, Add to cart , Save to list 
Nong Shim Kim Chi Noodles 5 Pack,https://www.woolworths.com.au/shop/productdetails/660232/nong-shim-kim-chi-noodles,https://assets.woolworths.com.au/images/1005/660232.jpg?impolicy=wowsmkqiema&w=260&h=260,$6.40,$1.07 / 100G,,, Add to cart , Save to list 
Noya Almond Pecan Nut Butter 200g,https://www.woolworths.com.au/shop/productdetails/236634/noya-almond-pecan-nut-butter,https://assets.woolworths.com.au/images/1005/236634.jpg?impolicy=wowsmkqiema&w=260&h=260,$7.20,$3.60 / 100G,,, Add to cart , Save to list 
Old El Paso Black Beans Sweet Chilli 300g,https://www.woolworths.com.au/shop/productdetails/182918/old-el-paso-black-beans-sweet-chilli,https://assets.woolworths.com.au/images/1005/182918.jpg?impolicy=wowsmkqiema&w=260&h=260,$4.50,$1.50 / 100G,,, Add to cart , Save to list 
Oreo Cookies Variety 8 Pack 1092g Total,https://www.woolworths.com.au/shop/productdetails/1074032849/oreo-cookies-variety-8-pack-1092g-total,https://assets.woolworths.com.au/images/1005/1074032849.jpg?impolicy=wowsmkqiema&w=260&h=260,$32.99,$4.12 / 1EA,,, Add to cart , Save to list 
Queen Black Food Colour Gel 15g,https://www.woolworths.com.au/shop/productdetails/490086/queen-black-food-colour-gel,https://assets.woolworths.com.au/images/1005/490086.jpg?impolicy=wowsmkqiema&w=260&h=260,$2.15,$14.33 / 100G,,, Add to cart , Save to list 
Well & Good Gluten Free Plain Flour 1kg,https://www.woolworths.com.au/shop/productdetails/199383/well-good-gluten-free-plain-flour,https://assets.woolworths.com.au/images/1005/199383.jpg?impolicy=wowsmkqiema&w=260&h=260,$7.00,$7.00 / 1KG,,, Add to cart , Save to list 
Coco Earth Butter Chicken With Naan 360g,https://www.woolworths.com.au/shop/productdetails/161622/coco-earth-butter-chicken-with-naan,https://assets.woolworths.com.au/images/1005/161622.jpg?impolicy=wowsmkqiema&w=260&h=260,$5.00,$1.39 / 100G,,, Add to cart , Save to list 
Dollar Sweets Piping Bags Refill 20 Pack,https://www.woolworths.com.au/shop/productdetails/210507/dollar-sweets-piping-bags-refill,https://assets.woolworths.com.au/images/1005/210507.jpg?impolicy=wowsmkqiema&w=260&h=260,$4.50,$0.23 / 1EA,,, Add to cart , Save to list 
Farmer Jo Gluten Free Paleo Muesli 300g,https://www.woolworths.com.au/shop/productdetails/85136/farmer-jo-gluten-free-paleo-muesli,https://assets.woolworths.com.au/images/1005/85136.jpg?impolicy=wowsmkqiema&w=260&h=260,$10.00,$3.33 / 100G,,, Add to cart , Save to list 
Macro Organic Fairtrade Coffee Beans Medium 200g,https://www.woolworths.com.au/shop/productdetails/690361/macro-organic-fairtrade-coffee-beans-medium,https://assets.woolworths.com.au/images/1005/690361.jpg?impolicy=wowsmkqiema&w=260&h=260,$6.60,$3.30 / 100G,3.5,59, Add to cart , Save to list 
Zeeba Golden Sella Basmati Rice 5kg,https://www.woolworths.com.au/shop/productdetails/208098/zeeba-golden-sella-basmati-rice,https://assets.woolworths.com.au/images/1005/208098.jpg?impolicy=wowsmkqiema&w=260&h=260,$17.50,$0.35 / 100G,,, Add to cart , Save to list 
Dollar Sweets Gold Lustre Shimmer Spray 4g,https://www.woolworths.com.au/shop/productdetails/83593/dollar-sweets-gold-lustre-shimmer-spray,https://assets.woolworths.com.au/images/1005/83593.jpg?impolicy=wowsmkqiema&w=260&h=260,$6.00,$150.00 / 100G,,, Add to cart , Save to list 
Erawan Ingredients Rice Gluten 500g,https://www.woolworths.com.au/shop/productdetails/38203/erawan-ingredients-rice-gluten,https://assets.woolworths.com.au/images/1005/38203.jpg?impolicy=wowsmkqiema&w=260&h=260,$1.90,$0.38 / 100G,,, Add to cart , Save to list 
Green's Classic Chocolate Cake Gluten Free 470g,https://www.woolworths.com.au/shop/productdetails/970815/green-s-classic-chocolate-cake-gluten-free,https://assets.woolworths.com.au/images/1005/970815.jpg?impolicy=wowsmkqiema&w=260&h=260,$4.50,$0.96 / 100G,,, Add to cart , Save to list 
Jinmailang Egg Noodle 1kg,https://www.woolworths.com.au/shop/productdetails/807432/jinmailang-egg-noodle,https://assets.woolworths.com.au/images/1005/807432.jpg?impolicy=wowsmkqiema&w=260&h=260,$3.10,$0.31 / 100G,,, Add to cart , Save to list 
Maharajah's Choice Crushed Chilli Spice 250g,https://www.woolworths.com.au/shop/productdetails/433185/maharajah-s-choice-crushed-chilli-spice,https://assets.woolworths.com.au/images/1005/433185.jpg?impolicy=wowsmkqiema&w=260&h=260,$2.50,$0.10 / 10G,,, Add to cart , Save to list 
Arnold's Farm Porridge Sachets Smooth Vanilla 8 Pack,https://www.woolworths.com.au/shop/productdetails/206851/arnold-s-farm-porridge-sachets-smooth-vanilla,https://assets.woolworths.com.au/images/1005/206851.jpg?impolicy=wowsmkqiema&w=260&h=260,$4.50,$1.22 / 100G,4.3,296, Add to cart , Save to list 
Avalanche 99% Sugar Free Latte 10 Pack,https://www.woolworths.com.au/shop/productdetails/223005/avalanche-99-sugar-free-latte,https://assets.woolworths.com.au/images/1005/223005.jpg?impolicy=wowsmkqiema&w=260&h=260,$5.50,$0.55 / 1EA,,, Add to cart , Save to list 
Batter Brothers Beer Batter Original Mix 190g,https://www.woolworths.com.au/shop/productdetails/167241/batter-brothers-beer-batter-original-mix,https://assets.woolworths.com.au/images/1005/167241.jpg?impolicy=wowsmkqiema&w=260&h=260,$5.00,$0.26 / 10G,,, Add to cart , Save to list 
Dollar Sweets Striped Party Cups 18 Pack,https://www.woolworths.com.au/shop/productdetails/181979/dollar-sweets-striped-party-cups,https://assets.woolworths.com.au/images/1005/181979.jpg?impolicy=wowsmkqiema&w=260&h=260,$3.50,$0.19 / 1EA,,, Add to cart , Save to list 
Grill Society BBQ Rub Chicago Steak 280g,https://www.woolworths.com.au/shop/productdetails/1074051025/grill-society-bbq-rub-chicago-steak-280g,https://assets.woolworths.com.au/images/1005/1074051025.jpg?impolicy=wowsmkqiema&w=260&h=260,$15.30,$0.55 / 10G,,, Add to cart , Save to list 
Nescafe Farmers Origins Capsules Africas 10 Pack,https://www.woolworths.com.au/shop/productdetails/151200/nescafe-farmers-origins-capsules-africas,https://assets.woolworths.com.au/images/1005/151200.jpg?impolicy=wowsmkqiema&w=260&h=260,$7.00,$0.70 / 1EA,,, Add to cart , Save to list 
Nexba Liquid Brekkie Strawberry 3 Pack,https://www.woolworths.com.au/shop/productdetails/208030/nexba-liquid-brekkie-strawberry,https://assets.woolworths.com.au/images/1005/208030.jpg?impolicy=wowsmkqiema&w=260&h=260,$5.00,$6.67 / 1L,,, Add to cart , Save to list 
Raw C Organic Coconut Oil 500ml,https://www.woolworths.com.au/shop/productdetails/262412/raw-c-organic-coconut-oil,https://assets.woolworths.com.au/images/1005/262412.jpg?impolicy=wowsmkqiema&w=260&h=260,$8.00,$1.60 / 100ML,,, Add to cart , Save to list 
United King Pheni Fried Vermicelli 200g,https://www.woolworths.com.au/shop/productdetails/21938/united-king-pheni-fried-vermicelli,https://assets.woolworths.com.au/images/1005/21938.jpg?impolicy=wowsmkqiema&w=260&h=260,$3.00,$1.50 / 100G,,, Add to cart , Save to list 
Urban Forager Organic Vegan Umami Broth 250g,https://www.woolworths.com.au/shop/productdetails/1073847399/urban-forager-organic-vegan-umami-broth-250g,https://assets.woolworths.com.au/images/1005/1073847399.jpg?impolicy=wowsmkqiema&w=260&h=260,$19.95,$7.98 / 100G,,, Add to cart , Save to list 
Avalanche 99% Sugar Free Caramel Latte 10 Pack,https://www.woolworths.com.au/shop/productdetails/700136/avalanche-99-sugar-free-caramel-latte,https://assets.woolworths.com.au/images/1005/700136.jpg?impolicy=wowsmkqiema&w=260&h=260,$5.50,$0.55 / 1EA,,, Add to cart , Save to list 
Bean Ground & Drunk Ground Coffee Organic Fairtrade Decaff 250g,https://www.woolworths.com.au/shop/productdetails/313811/bean-ground-drunk-ground-coffee-organic-fairtrade-decaff,https://assets.woolworths.com.au/images/1005/313811.jpg?impolicy=wowsmkqiema&w=260&h=260,$9.50,$3.80 / 100G,,, Add to cart , Save to list 
Carbonell Olive Oil 1l,https://www.woolworths.com.au/shop/productdetails/220015/carbonell-olive-oil,https://assets.woolworths.com.au/images/1005/220015.jpg?impolicy=wowsmkqiema&w=260&h=260,$14.00,$1.40 / 100ML,,, Add to cart , Save to list 
Chef's World World Noodles Thin 2kg,https://www.woolworths.com.au/shop/productdetails/365222/chefs-world-world-noodles-thin,https://assets.woolworths.com.au/images/1005/365222.jpg?impolicy=wowsmkqiema&w=260&h=260,$7.00,$0.35 / 100G,5.0,1, Add to cart , Save to list 
Fix And Fogg Granola Butter 275g,https://www.woolworths.com.au/shop/productdetails/164659/fix-and-fogg-granola-butter,https://assets.woolworths.com.au/images/1005/164659.jpg?impolicy=wowsmkqiema&w=260&h=260,$6.90,$2.51 / 100G,,, Add to cart , Save to list 
Nestle Tex Bar 40g,https://www.woolworths.com.au/shop/productdetails/265889/nestle-tex-bar,https://assets.woolworths.com.au/images/1005/265889.jpg?impolicy=wowsmkqiema&w=260&h=260,$1.80,$4.50 / 100G,,, Add to cart , Save to list 
Nexba Liquid Brekkie Vanilla 3 Pack,https://www.woolworths.com.au/shop/productdetails/208875/nexba-liquid-brekkie-vanilla,https://assets.woolworths.com.au/images/1005/208875.jpg?impolicy=wowsmkqiema&w=260&h=260,$5.00,$6.67 / 1L,,, Add to cart , Save to list 
Orgran Gluten Free Porridge Honey Sachets 210g,https://www.woolworths.com.au/shop/productdetails/218692/orgran-gluten-free-porridge-honey-sachets,https://assets.woolworths.com.au/images/1005/218692.jpg?impolicy=wowsmkqiema&w=260&h=260,$5.50,$2.62 / 100G,,, Add to cart , Save to list 
Richter Marzipan Loaves 100g,https://www.woolworths.com.au/shop/productdetails/349985/richter-marzipan-loaves,https://assets.woolworths.com.au/images/1005/349985.jpg?impolicy=wowsmkqiema&w=260&h=260,$3.30,$3.30 / 100G,,, Add to cart , Save to list 
Queen Pink Food Colour Gel 15g,https://www.woolworths.com.au/shop/productdetails/804415/queen-pink-food-colour-gel,https://assets.woolworths.com.au/images/1005/804415.jpg?impolicy=wowsmkqiema&w=260&h=260,$2.15,$14.33 / 100G,,, Add to cart , Save to list 
Spring Gully Sweet Chilli Sauce Gluten Free 245ml,https://www.woolworths.com.au/shop/productdetails/250694/spring-gully-sweet-chilli-sauce-gluten-free,https://assets.woolworths.com.au/images/1005/250694.jpg?impolicy=wowsmkqiema&w=260&h=260,$3.50,$1.43 / 100ML,,, Add to cart , Save to list 
Green's Chocolate Chunk Cookies With Dark Chocolate Chips 400g,https://www.woolworths.com.au/shop/productdetails/117660/green-s-chocolate-chunk-cookies-with-dark-chocolate-chips,https://assets.woolworths.com.au/images/1005/117660.jpg?impolicy=wowsmkqiema&w=260&h=260,$4.50,$1.13 / 100G,,, Add to cart , Save to list 
Lee Kum Kee Vegetarian Stir Fry Sauce 510g,https://www.woolworths.com.au/shop/productdetails/663280/lee-kum-kee-vegetarian-stir-fry-sauce,https://assets.woolworths.com.au/images/1005/663280.jpg?impolicy=wowsmkqiema&w=260&h=260,$5.00,$0.98 / 100G,,, Add to cart , Save to list 
Mogu Mogu Peach Drink 320ml,https://www.woolworths.com.au/shop/productdetails/67416/mogu-mogu-peach-drink,https://assets.woolworths.com.au/images/1005/67416.jpg?impolicy=wowsmkqiema&w=260&h=260,$1.75,$5.47 / 1L,,, Add to cart , Save to list 
Pot Noodles Chicken & Mushroom 94g,https://www.woolworths.com.au/shop/productdetails/337238/pot-noodles-chicken-mushroom,https://assets.woolworths.com.au/images/1005/337238.jpg?impolicy=wowsmkqiema&w=260&h=260,$4.70,$5.22 / 100G,,, Add to cart , Save to list 
Watermelon Brand Sweet Rice 1kg,https://www.woolworths.com.au/shop/productdetails/124354/watermelon-brand-sweet-rice,https://assets.woolworths.com.au/images/1005/124354.jpg?impolicy=wowsmkqiema&w=260&h=260,$2.60,$0.26 / 100G,,, Add to cart , Save to list 
Al Wadi Pomegranate Molasses 410g,https://www.woolworths.com.au/shop/productdetails/194416/al-wadi-pomegranate-molasses,https://assets.woolworths.com.au/images/1005/194416.jpg?impolicy=wowsmkqiema&w=260&h=260,$5.56,$1.85 / 100ML,,, Add to cart , Save to list 
Continental Seasoning Sensations Recipe Base Lebanese Koftas 44g,https://www.woolworths.com.au/shop/productdetails/217193/continental-seasoning-sensations-recipe-base-lebanese-koftas,https://assets.woolworths.com.au/images/1005/217193.jpg?impolicy=wowsmkqiema&w=260&h=260,$2.75,$6.25 / 100G,,, Add to cart , Save to list 
Espressotoria Coffee Capsules Caffe Aurora Espresso 12 Pack,https://www.woolworths.com.au/shop/productdetails/798714/espressotoria-coffee-capsules-caffe-aurora-espresso,https://assets.woolworths.com.au/images/1005/798714.jpg?impolicy=wowsmkqiema&w=260&h=260,$5.00,$0.42 / 1EA,,, Add to cart , Save to list 
Maharajah's Choice Rice Flakes 500g,https://www.woolworths.com.au/shop/productdetails/799787/maharajah-s-choice-rice-flakes,https://assets.woolworths.com.au/images/1005/799787.jpg?impolicy=wowsmkqiema&w=260&h=260,$2.20,$0.44 / 100G,,, Add to cart , Save to list 
Mckenzie's Brown Rice Flour 330g,https://www.woolworths.com.au/shop/productdetails/147382/mckenzie-s-brown-rice-flour,https://assets.woolworths.com.au/images/1005/147382.jpg?impolicy=wowsmkqiema&w=260&h=260,$4.00,$1.21 / 100G,,, Add to cart , Save to list 
Praise Chilli Jam Mayo 250ml,https://www.woolworths.com.au/shop/productdetails/104432/praise-chilli-jam-mayo,https://assets.woolworths.com.au/images/1005/104432.jpg?impolicy=wowsmkqiema&w=260&h=260,$4.50,$1.80 / 100ML,,, Add to cart , Save to list 
Wang Lao Ji 310ml X6 Pack,https://www.woolworths.com.au/shop/productdetails/117521/wang-lao-ji-wang-lao-ji,https://assets.woolworths.com.au/images/1005/117521.jpg?impolicy=wowsmkqiema&w=260&h=260,$8.50,$0.46 / 100ML,,, Add to cart , Save to list 
Green's Temptations Blueberry & Buttermilk Pancake Shake 325g,https://www.woolworths.com.au/shop/productdetails/85456/green-s-temptations-blueberry-buttermilk-pancake-shake,https://assets.woolworths.com.au/images/1005/85456.jpg?impolicy=wowsmkqiema&w=260&h=260,$4.50,$1.38 / 100G,,, Add to cart , Save to list 
Lavazza Crema E Gusto Ground Coffee 1kg,https://www.woolworths.com.au/shop/productdetails/160945/lavazza-crema-e-gusto-ground-coffee,https://assets.woolworths.com.au/images/1005/160945.jpg?impolicy=wowsmkqiema&w=260&h=260,$19.60,$1.96 / 100G,,, Add to cart , Save to list 
Podravka Beef Goulash 300g,https://www.woolworths.com.au/shop/productdetails/46607/podravka-beef-goulash,https://assets.woolworths.com.au/images/1005/46607.jpg?impolicy=wowsmkqiema&w=260&h=260,$4.50,$15.00 / 1KG,,, Add to cart , Save to list 
Samyang Seafood Party Ramen 125g * 5bag X 2Pack,https://www.woolworths.com.au/shop/productdetails/1073982900/samyang-seafood-party-ramen-125g-5bag-x-2pack,https://assets.woolworths.com.au/images/1005/1073982900.jpg?impolicy=wowsmkqiema&w=260&h=260,$22.09,$1.77 / 100G,,, Add to cart , Save to list 
Sugar Honey Instant Tapioca Pearls 250g,https://www.woolworths.com.au/shop/productdetails/122697/sugar-honey-instant-tapioca-pearls,https://assets.woolworths.com.au/images/1005/122697.jpg?impolicy=wowsmkqiema&w=260&h=260,$5.00,$2.00 / 100G,,, Add to cart , Save to list 
Aunt Betty's Saucy Centres Salted Caramel Puddings 2 Pack,https://www.woolworths.com.au/shop/productdetails/189581/aunt-betty-s-saucy-centres-salted-caramel-puddings,https://assets.woolworths.com.au/images/1005/189581.jpg?impolicy=wowsmkqiema&w=260&h=260,$5.50,$2.75 / 100G,,, Add to cart , Save to list 
Avalanche 99% Sugar Free Hazelnut Latte 10 Pack,https://www.woolworths.com.au/shop/productdetails/223874/avalanche-99-sugar-free-hazelnut-latte,https://assets.woolworths.com.au/images/1005/223874.jpg?impolicy=wowsmkqiema&w=260&h=260,$5.50,$0.55 / 1EA,,, Add to cart , Save to list 
Ayam Stir Fry Paste Thai Basil Chilli Medium 185g,https://www.woolworths.com.au/shop/productdetails/232514/ayam-stir-fry-paste-thai-basil-chilli-medium,https://assets.woolworths.com.au/images/1005/232514.jpg?impolicy=wowsmkqiema&w=260&h=260,$4.00,$2.16 / 100G,,, Add to cart , Save to list 
B2 Ham Luncheon Meat Premium 340g,https://www.woolworths.com.au/shop/productdetails/663674/b2-ham-luncheon-meat-premium,https://assets.woolworths.com.au/images/1005/663674.jpg?impolicy=wowsmkqiema&w=260&h=260,$4.30,$1.26 / 100G,,, Add to cart , Save to list 
Buderim Ginger Sliced Naked Ginger 350g,https://www.woolworths.com.au/shop/productdetails/171865/buderim-ginger-sliced-naked-ginger,https://assets.woolworths.com.au/images/1005/171865.jpg?impolicy=wowsmkqiema&w=260&h=260,$9.95,$28.43 / 1KG,,, Add to cart , Save to list 
Carman's Aussie Oat Clusters Coco Crunch 500g,https://www.woolworths.com.au/shop/productdetails/181879/carman-s-aussie-oat-clusters-coco-crunch,https://assets.woolworths.com.au/images/1005/181879.jpg?impolicy=wowsmkqiema&w=260&h=260,$6.00,$1.20 / 100G,,, Add to cart , Save to list 
Carman's Creamy Honey Aussie Oat Porridge Sachets 16 Pack,https://www.woolworths.com.au/shop/productdetails/208291/carman-s-creamy-honey-aussie-oat-porridge-sachets,https://assets.woolworths.com.au/images/1005/208291.jpg?impolicy=wowsmkqiema&w=260&h=260,$9.00,$1.41 / 100G,,, Add to cart , Save to list 
Delicious Carrot Cake 550g,https://www.woolworths.com.au/shop/productdetails/212598/delicious-carrot-cake,https://assets.woolworths.com.au/images/1005/212598.jpg?impolicy=wowsmkqiema&w=260&h=260,$6.50,$1.18 / 100G,,, Add to cart , Save to list 
Lavazza Qualita Rossa Ground Coffee 1kg,https://www.woolworths.com.au/shop/productdetails/95028/lavazza-qualita-rossa-ground-coffee,https://assets.woolworths.com.au/images/1005/95028.jpg?impolicy=wowsmkqiema&w=260&h=260,$19.60,$1.96 / 100G,,, Add to cart , Save to list 
Maharajah's Choice Besan Flour 1kg,https://www.woolworths.com.au/shop/productdetails/431113/maharajah-s-choice-besan-flour,https://assets.woolworths.com.au/images/1005/431113.jpg?impolicy=wowsmkqiema&w=260&h=260,$4.70,$4.70 / 1KG,,, Add to cart , Save to list 
Maya Kaimal Spicy Vindaloo Indian Simmer Sauce 354g,https://www.woolworths.com.au/shop/productdetails/129624/maya-kaimal-spicy-vindaloo-indian-simmer-sauce,https://assets.woolworths.com.au/images/1005/129624.jpg?impolicy=wowsmkqiema&w=260&h=260,$12.95,$3.66 / 100G,,, Add to cart , Save to list 
Mccormick Air Fryer Buttermilk Chicken Recipe Base 85g,https://www.woolworths.com.au/shop/productdetails/221722/mccormick-air-fryer-buttermilk-chicken-recipe-base,https://assets.woolworths.com.au/images/1005/221722.jpg?impolicy=wowsmkqiema&w=260&h=260,$2.50,$2.94 / 100G,,, Add to cart , Save to list 
Nestle Cini Minis Churros 360g,https://www.woolworths.com.au/shop/productdetails/147874/nestle-cini-minis-churros,https://assets.woolworths.com.au/images/1005/147874.jpg?impolicy=wowsmkqiema&w=260&h=260,$6.50,$1.81 / 100G,,, Add to cart , Save to list 
Always Fresh Cucumbers Dill 1.90kg,https://www.woolworths.com.au/shop/productdetails/733427/always-fresh-cucumbers-dill,https://assets.woolworths.com.au/images/1005/733427.jpg?impolicy=wowsmkqiema&w=260&h=260,$10.00,$5.26 / 1KG,,, Add to cart , Save to list 
Lucky Flaked Almonds 230g,https://www.woolworths.com.au/shop/productdetails/112953/lucky-flaked-almonds,https://assets.woolworths.com.au/images/1005/112953.jpg?impolicy=wowsmkqiema&w=260&h=260,$8.00,$34.78 / 1KG,,, Add to cart , Save to list 
Mighty Spice Tandoori Spice Mix Kit 80g,https://www.woolworths.com.au/shop/productdetails/258015/mighty-spice-tandoori-spice-mix-kit,https://assets.woolworths.com.au/images/1005/258015.jpg?impolicy=wowsmkqiema&w=260&h=260,$2.80,$3.50 / 100G,,, Add to cart , Save to list 
Squeaky Gate Australian Extra Virgin Olive Oil The Strong One 750ml,https://www.woolworths.com.au/shop/productdetails/798036/squeaky-gate-australian-extra-virgin-olive-oil-the-strong-one,https://assets.woolworths.com.au/images/1005/798036.jpg?impolicy=wowsmkqiema&w=260&h=260,$14.00,$1.87 / 100ML,,, Add to cart , Save to list 
Woolworths Roasted & Diced Cashews 200g,https://www.woolworths.com.au/shop/productdetails/147616/woolworths-roasted-diced-cashews,https://assets.woolworths.com.au/images/1005/147616.jpg?impolicy=wowsmkqiema&w=260&h=260,$5.00,$25.00 / 1KG,4.4,557, Add to cart , Save to list 
Angas Park Diced Prunes 125g,https://www.woolworths.com.au/shop/productdetails/174349/angas-park-diced-prunes,https://assets.woolworths.com.au/images/1005/174349.jpg?impolicy=wowsmkqiema&w=260&h=260,$4.50,$36.00 / 1KG,,, Add to cart , Save to list 
Bolands Fig Rolls 200g,https://www.woolworths.com.au/shop/productdetails/337576/bolands-fig-rolls,https://assets.woolworths.com.au/images/1005/337576.jpg?impolicy=wowsmkqiema&w=260&h=260,$4.00,$2.00 / 100G,,, Add to cart , Save to list 
Carbonell Original Olive Oil 3l,https://www.woolworths.com.au/shop/productdetails/68047/carbonell-original-olive-oil,https://assets.woolworths.com.au/images/1005/68047.jpg?impolicy=wowsmkqiema&w=260&h=260,$29.00,$0.97 / 100ML,4.7,591, Add to cart , Save to list 
Green Leaf Plain Fava Beans Medammas 400g,https://www.woolworths.com.au/shop/productdetails/819608/green-leaf-plain-fava-beans-medammas,https://assets.woolworths.com.au/images/1005/819608.jpg?impolicy=wowsmkqiema&w=260&h=260,$1.50,$0.38 / 100G,,, Add to cart , Save to list 
Hot Pot Casserole Base French Onion 80g,https://www.woolworths.com.au/shop/productdetails/39369/hot-pot-casserole-base-french-onion,https://assets.woolworths.com.au/images/1005/39369.jpg?impolicy=wowsmkqiema&w=260&h=260,$2.99,$3.74 / 100G,,, Add to cart , Save to list 
Marion's Kitchen Massaman Curry Paste 190g,https://www.woolworths.com.au/shop/productdetails/238155/marion-s-kitchen-massaman-curry-paste,https://assets.woolworths.com.au/images/1005/238155.jpg?impolicy=wowsmkqiema&w=260&h=260,$5.00,$2.63 / 100G,,, Add to cart , Save to list 
Moccona Oat Latte Coffee Sachets 8 Pack,https://www.woolworths.com.au/shop/productdetails/181977/moccona-oat-latte-coffee-sachets,https://assets.woolworths.com.au/images/1005/181977.jpg?impolicy=wowsmkqiema&w=260&h=260,$3.50,$0.44 / 1EA,,, Add to cart , Save to list 
Okf Aloe Vera Drink 1.5l,https://www.woolworths.com.au/shop/productdetails/683029/okf-aloe-vera-drink,https://assets.woolworths.com.au/images/1005/683029.jpg?impolicy=wowsmkqiema&w=260&h=260,,,,,, Save to list 
Old Bay Seasoning 75g,https://www.woolworths.com.au/shop/productdetails/258261/old-bay-seasoning,https://assets.woolworths.com.au/images/1005/258261.jpg?impolicy=wowsmkqiema&w=260&h=260,$5.00,$0.67 / 10G,,, Add to cart , Save to list 
Truvia for Baking Brown Sweetener 320g,https://www.woolworths.com.au/shop/productdetails/1073910812/truvia-for-baking-brown-sweetener-320g,https://assets.woolworths.com.au/images/1005/1073910812.jpg?impolicy=wowsmkqiema&w=260&h=260,$7.00,$1.00 / 1EA,,, Add to cart , Save to list 
Be Natural Breakfast Cereal With Cashew Almond Hazelnut & Coconut 415g,https://www.woolworths.com.au/shop/productdetails/733687/be-natural-breakfast-cereal-with-cashew-almond-hazelnut-coconut,https://assets.woolworths.com.au/images/1005/733687.jpg?impolicy=wowsmkqiema&w=260&h=260,,,,,, Save to list 
Cobram Estate Garlic & Rosemary Infused Olive Oil 250ml,https://www.woolworths.com.au/shop/productdetails/199663/cobram-estate-garlic-rosemary-infused-olive-oil,https://assets.woolworths.com.au/images/1005/199663.jpg?impolicy=wowsmkqiema&w=260&h=260,$6.90,$2.76 / 100ML,,, Add to cart , Save to list 
Green's Temptations Chocolate Mousse Mix 185g,https://www.woolworths.com.au/shop/productdetails/240657/green-s-temptations-chocolate-mousse-mix,https://assets.woolworths.com.au/images/1005/240657.jpg?impolicy=wowsmkqiema&w=260&h=260,$5.00,$2.70 / 100G,,, Add to cart , Save to list 
Nestle Nesquik Breakfast Cereal 650g,https://www.woolworths.com.au/shop/productdetails/247242/nestle-nesquik-breakfast-cereal,https://assets.woolworths.com.au/images/1005/247242.jpg?impolicy=wowsmkqiema&w=260&h=260,$8.80,$1.35 / 100G,,, Add to cart , Save to list 
Paldo Dosirac Lobster Noodles King Cup 110g,https://www.woolworths.com.au/shop/productdetails/520046/paldo-dosirac-lobster-noodles-king-cup,https://assets.woolworths.com.au/images/1005/520046.jpg?impolicy=wowsmkqiema&w=260&h=260,$2.70,$2.45 / 100G,,, Add to cart , Save to list 
Champion Original Flavoured Toffees 150g,https://www.woolworths.com.au/shop/productdetails/53926/champion-original-flavoured-toffees,https://assets.woolworths.com.au/images/1005/53926.jpg?impolicy=wowsmkqiema&w=260&h=260,$4.30,$2.87 / 100G,,, Add to cart , Save to list 
Fehlbergs Banderilla Style Platter Skewers Mixed Vegetables 310g,https://www.woolworths.com.au/shop/productdetails/98053/fehlbergs-banderilla-style-platter-skewers-mixed-vegetables,https://assets.woolworths.com.au/images/1005/98053.jpg?impolicy=wowsmkqiema&w=260&h=260,$4.10,$1.32 / 100G,,, Add to cart , Save to list 
Lucky Almond Meal 300g,https://www.woolworths.com.au/shop/productdetails/246677/lucky-almond-meal,https://assets.woolworths.com.au/images/1005/246677.jpg?impolicy=wowsmkqiema&w=260&h=260,$7.50,$25.00 / 1KG,,, Add to cart , Save to list 
Mt Elephant Almond & Buckwheat Pancake Mix 230g,https://www.woolworths.com.au/shop/productdetails/143910/mt-elephant-almond-buckwheat-pancake-mix,https://assets.woolworths.com.au/images/1005/143910.jpg?impolicy=wowsmkqiema&w=260&h=260,$6.40,$2.78 / 100G,,, Add to cart , Save to list 
Nescafe Gold Choc Mocha Inspired By Nestle Milkybar 8 Pack,https://www.woolworths.com.au/shop/productdetails/224342/nescafe-gold-choc-mocha-inspired-by-nestle-milkybar,https://assets.woolworths.com.au/images/1005/224342.jpg?impolicy=wowsmkqiema&w=260&h=260,$7.60,$0.95 / 1EA,,, Add to cart , Save to list 
Bokoma Pronutro Original South African 500g,https://www.woolworths.com.au/shop/productdetails/724746/bokoma-pronutro-original-south-african,https://assets.woolworths.com.au/images/1005/724746.jpg?impolicy=wowsmkqiema&w=260&h=260,$7.20,$1.44 / 100G,,, Add to cart , Save to list 
Britannia Little Hearts 75g,https://www.woolworths.com.au/shop/productdetails/761613/britannia-little-hearts,https://assets.woolworths.com.au/images/1005/761613.jpg?impolicy=wowsmkqiema&w=260&h=260,$1.25,$1.67 / 100G,,, Add to cart , Save to list 
Chupa Chups Showbag - 22pc,https://www.woolworths.com.au/shop/productdetails/1073908307/chupa-chups-showbag-22pc,https://assets.woolworths.com.au/images/1005/1073908307.jpg?impolicy=wowsmkqiema&w=260&h=260,$15.30,$15.30 / 1EA,,, Add to cart , Save to list 
Chupa Chups Sour Bites Candy Bag 193.6g 2x8pc,https://www.woolworths.com.au/shop/productdetails/1074051027/chupa-chups-sour-bites-candy-bag-193-6g-2x8pc,https://assets.woolworths.com.au/images/1005/1074051027.jpg?impolicy=wowsmkqiema&w=260&h=260,$21.25,$10.63 / 1EA,,, Add to cart , Save to list 
Kellogg's Rice Bubbles Multigrain Berry Flavour Breakfast Cereal 450g,https://www.woolworths.com.au/shop/productdetails/244279/kelloggs-rice-bubbles-multigrain-berry-flavour-breakfast-cereal,https://assets.woolworths.com.au/images/1005/244279.jpg?impolicy=wowsmkqiema&w=260&h=260,$6.00,$1.33 / 100G,,, Add to cart , Save to list 
Kialla Pure Organic Soy & Linseed Sourdough Mix 450g,https://www.woolworths.com.au/shop/productdetails/202595/kialla-pure-organic-soy-linseed-sourdough-mix,https://assets.woolworths.com.au/images/1005/202595.jpg?impolicy=wowsmkqiema&w=260&h=260,$7.00,$1.56 / 100G,,, Add to cart , Save to list 
Macro Organic Australian Hulled Millet 500g,https://www.woolworths.com.au/shop/productdetails/133477/macro-organic-australian-hulled-millet,https://assets.woolworths.com.au/images/1005/133477.jpg?impolicy=wowsmkqiema&w=260&h=260,$5.50,$1.10 / 100G,3.6,142, Add to cart , Save to list 
Nescafe Farmers Origins Capsules India 10 Pack,https://www.woolworths.com.au/shop/productdetails/151201/nescafe-farmers-origins-capsules-india,https://assets.woolworths.com.au/images/1005/151201.jpg?impolicy=wowsmkqiema&w=260&h=260,$7.00,$0.70 / 1EA,,, Add to cart , Save to list 
"The Food Company Onion, Garlic & Chilli 240g",https://www.woolworths.com.au/shop/productdetails/169756/the-food-company-onion-garlic-chilli,https://assets.woolworths.com.au/images/1005/169756.jpg?impolicy=wowsmkqiema&w=260&h=260,$4.00,$0.17 / 10G,,, Add to cart , Save to list 
"Vittoria Coffee Beans Crafted For Almond, Oat & Soy Milk 500g",https://www.woolworths.com.au/shop/productdetails/222916/vittoria-coffee-beans-crafted-for-almond-oat-soy-milk,https://assets.woolworths.com.au/images/1005/222916.jpg?impolicy=wowsmkqiema&w=260&h=260,$21.00,$4.20 / 100G,,, Add to cart , Save to list 
Always Fresh Mixed Olives 220g,https://www.woolworths.com.au/shop/productdetails/464655/always-fresh-mixed-olives,https://assets.woolworths.com.au/images/1005/464655.jpg?impolicy=wowsmkqiema&w=260&h=260,$5.00,$22.73 / 1KG,,, Add to cart , Save to list 
Arkadia 99% Sugar Free Calming Chai Sachets 7 Pack,https://www.woolworths.com.au/shop/productdetails/226888/arkadia-99-sugar-free-calming-chai-sachets,https://assets.woolworths.com.au/images/1005/226888.jpg?impolicy=wowsmkqiema&w=260&h=260,$5.40,$0.77 / 1EA,,, Add to cart , Save to list 
Caravan Foods Salad Topper Original 80g,https://www.woolworths.com.au/shop/productdetails/239522/caravan-foods-salad-topper-amazing-asian,https://assets.woolworths.com.au/images/1005/239522.jpg?impolicy=wowsmkqiema&w=260&h=260,$4.00,$5.00 / 100G,,, Add to cart , Save to list 
Carman's Cholesterol Lowering Australian Oats 500g,https://www.woolworths.com.au/shop/productdetails/203820/carman-s-cholesterol-lowering-australian-oats,https://assets.woolworths.com.au/images/1005/203820.jpg?impolicy=wowsmkqiema&w=260&h=260,$7.50,$1.50 / 100G,,, Add to cart , Save to list 
Delicious Upside Down Golden Syrup Banana Cake Mix 550g,https://www.woolworths.com.au/shop/productdetails/183138/delicious-upside-down-golden-syrup-banana-cake-mix,https://assets.woolworths.com.au/images/1005/183138.jpg?impolicy=wowsmkqiema&w=260&h=260,$6.50,$1.18 / 100G,,, Add to cart , Save to list 
Lavazza Espresso Intenso Nespresso Compatible Coffee Capsules 30 Pack,https://www.woolworths.com.au/shop/productdetails/222912/lavazza-espresso-intenso-nespresso-compatible-coffee-capsules,https://assets.woolworths.com.au/images/1005/222912.jpg?impolicy=wowsmkqiema&w=260&h=260,$17.00,$0.57 / 1EA,,, Add to cart , Save to list 
Maggi Chicken Stock Cubes 72g,https://www.woolworths.com.au/shop/productdetails/193680/maggi-chicken-stock-cubes,https://assets.woolworths.com.au/images/1005/193680.jpg?impolicy=wowsmkqiema&w=260&h=260,$1.40,$1.94 / 100G,,, Add to cart , Save to list 
Pickle & Spice Beef BBQ Roast & Brisket Meat Rub 250g x 2 jars,https://www.woolworths.com.au/shop/productdetails/1073935602/pickle-spice-beef-bbq-roast-brisket-meat-rub-250g-x-2-jars,https://assets.woolworths.com.au/images/1005/1073935602.jpg?impolicy=wowsmkqiema&w=260&h=260,$31.80,$6.36 / 100G,,, Add to cart , Save to list 
Sacred Grounds Single Origin Peru Coffee Beans 500g,https://www.woolworths.com.au/shop/productdetails/129713/sacred-grounds-single-origin-peru-coffee-beans,https://assets.woolworths.com.au/images/1005/129713.jpg?impolicy=wowsmkqiema&w=260&h=260,$20.00,$4.00 / 100G,,, Add to cart , Save to list 
Bubbleme At Home Bubble Tea Kit Royal Black Tea Flavour 280g,https://www.woolworths.com.au/shop/productdetails/189197/bubbleme-at-home-bubble-tea-kit-royal-black-tea-flavour,https://assets.woolworths.com.au/images/1005/189197.jpg?impolicy=wowsmkqiema&w=260&h=260,$5.75,$2.05 / 100G,,, Add to cart , Save to list 
Airborne Manuka Honey Upside Down 500g,https://www.woolworths.com.au/shop/productdetails/159019/airborne-manuka-honey-upside-down,https://assets.woolworths.com.au/images/1005/159019.jpg?impolicy=wowsmkqiema&w=260&h=260,$10.00,$2.00 / 100G,,, Add to cart , Save to list 
Carbonell Original Olive Oil Olive Oil 4l,https://www.woolworths.com.au/shop/productdetails/39931/carbonell-original-olive-oil-olive-oil,https://assets.woolworths.com.au/images/1005/39931.jpg?impolicy=wowsmkqiema&w=260&h=260,$44.00,$1.10 / 100ML,4.6,566, Add to cart , Save to list 
Freedom Classic Honey-o Crunch Cereal 360g,https://www.woolworths.com.au/shop/productdetails/224782/freedom-classic-honey-o-crunch-cereal,https://assets.woolworths.com.au/images/1005/224782.jpg?impolicy=wowsmkqiema&w=260&h=260,$5.40,$1.50 / 100G,,, Add to cart , Save to list 
Grinders Rich Espresso Beans Rainforest Alliance Certified 1kg,https://www.woolworths.com.au/shop/productdetails/161742/grinders-rich-espresso-beans-rainforest-alliance-certified,https://assets.woolworths.com.au/images/1005/161742.jpg?impolicy=wowsmkqiema&w=260&h=260,$35.00,$3.50 / 100G,,, Add to cart , Save to list 
Laucke Multigrain Soy Linseed Bread Mix 2.4kg,https://www.woolworths.com.au/shop/productdetails/262808/laucke-multigrain-soy-linseed-bread-mix,https://assets.woolworths.com.au/images/1005/262808.jpg?impolicy=wowsmkqiema&w=260&h=260,$10.90,$4.54 / 1KG,,, Add to cart , Save to list 
Marco Polo European Foods White Beans 375g,https://www.woolworths.com.au/shop/productdetails/155245/marco-polo-european-foods-white-beans,https://assets.woolworths.com.au/images/1005/155245.jpg?impolicy=wowsmkqiema&w=260&h=260,$2.25,$0.60 / 100G,,, Add to cart , Save to list 
Marion's Kitchen Cashew Chicken Cooking Kit 330g,https://www.woolworths.com.au/shop/productdetails/100340/marion-s-kitchen-cashew-chicken-cooking-kit,https://assets.woolworths.com.au/images/1005/100340.jpg?impolicy=wowsmkqiema&w=260&h=260,$7.60,$2.30 / 100G,,, Add to cart , Save to list 
"Chupa Chups Bouquet, 19 Lollipops",https://www.woolworths.com.au/shop/productdetails/1073973254/chupa-chups-bouquet-19-lollipops,https://assets.woolworths.com.au/images/1005/1073973254.jpg?impolicy=wowsmkqiema&w=260&h=260,$35.00,$15.35 / 100G,,, Add to cart , Save to list 
"Chupa Chups Carousel, 200 Lollipops",https://www.woolworths.com.au/shop/productdetails/1073973255/chupa-chups-carousel-200-lollipops,https://assets.woolworths.com.au/images/1005/1073973255.jpg?impolicy=wowsmkqiema&w=260&h=260,$65.00,$2.71 / 100G,,, Add to cart , Save to list 
"Chupa Chups XXL Trio, 20 Lollipops",https://www.woolworths.com.au/shop/productdetails/1074165761/chupa-chups-xxl-trio-20-lollipops,https://assets.woolworths.com.au/images/1005/1074165761.jpg?impolicy=wowsmkqiema&w=260&h=260,$30.00,$5.17 / 100G,,, Add to cart , Save to list 
Dollar Sweets Edible Candy Eyeball 25g,https://www.woolworths.com.au/shop/productdetails/210555/dollar-sweets-edible-candy-eyeball,https://assets.woolworths.com.au/images/1005/210555.jpg?impolicy=wowsmkqiema&w=260&h=260,$3.00,$12.00 / 100G,,, Add to cart , Save to list 
McCormick Original Taco Seasoning Mix 730g x 2,https://www.woolworths.com.au/shop/productdetails/1074032866/mccormick-original-taco-seasoning-mix-730g-x-2,https://assets.woolworths.com.au/images/1005/1074032866.jpg?impolicy=wowsmkqiema&w=260&h=260,$40.50,$20.25 / 1EA,,, Add to cart , Save to list 
Mr Chen's Pad Thai Meal Kit 324g,https://www.woolworths.com.au/shop/productdetails/234701/mr-chen-s-pad-thai-meal-kit,https://assets.woolworths.com.au/images/1005/234701.jpg?impolicy=wowsmkqiema&w=260&h=260,$7.00,$2.16 / 100G,,, Add to cart , Save to list 
San Remo Egg Noodles 1kg,https://www.woolworths.com.au/shop/productdetails/11399/san-remo-egg-noodles,https://assets.woolworths.com.au/images/1005/11399.jpg?impolicy=wowsmkqiema&w=260&h=260,$3.95,$0.40 / 100G,,, Add to cart , Save to list 
Capilano 100% Pure Australian Honey Organic Raw Squeeze 340g,https://www.woolworths.com.au/shop/productdetails/728637/capilano-100-pure-australian-honey-organic-raw-squeeze,https://assets.woolworths.com.au/images/1005/728637.jpg?impolicy=wowsmkqiema&w=260&h=260,$7.80,$2.29 / 100G,,, Add to cart , Save to list 
Chi Chi Forest Milk Tea Classic 450ml,https://www.woolworths.com.au/shop/productdetails/198995/chi-forest-milk-tea-classic,https://assets.woolworths.com.au/images/1005/198995.jpg?impolicy=wowsmkqiema&w=260&h=260,$2.40,$0.53 / 100ML,,, Add to cart , Save to list 
Nam Duong Hang Viet Soy Sauce 500ml,https://www.woolworths.com.au/shop/productdetails/238010/nam-duong-hang-viet-soy-sauce,https://assets.woolworths.com.au/images/1005/238010.jpg?impolicy=wowsmkqiema&w=260&h=260,$3.00,$0.60 / 100ML,,, Add to cart , Save to list 
Nissin Instant Miso Noodles 100g,https://www.woolworths.com.au/shop/productdetails/122363/nissin-instant-miso-noodles,https://assets.woolworths.com.au/images/1005/122363.jpg?impolicy=wowsmkqiema&w=260&h=260,$1.60,$1.60 / 100G,,, Add to cart , Save to list 
Shwartz Rainbow Non Pareil Sprinkles 283g x 2,https://www.woolworths.com.au/shop/productdetails/1074032890/shwartz-rainbow-non-pareil-sprinkles-283g-x-2,https://assets.woolworths.com.au/images/1005/1074032890.jpg?impolicy=wowsmkqiema&w=260&h=260,$29.99,$15.00 / 1EA,,, Add to cart , Save to list 
Back To Basics Shiitake Jerky 60g,https://www.woolworths.com.au/shop/productdetails/122316/back-to-basics-shiitake-jerky,https://assets.woolworths.com.au/images/1005/122316.jpg?impolicy=wowsmkqiema&w=260&h=260,$4.50,$7.50 / 100G,,, Add to cart , Save to list 
"Blue Frog Keto Almond, Peanut & Raspberry Cereal 300g",https://www.woolworths.com.au/shop/productdetails/208100/blue-frog-keto-almond-peanut-raspberry-cereal,https://assets.woolworths.com.au/images/1005/208100.jpg?impolicy=wowsmkqiema&w=260&h=260,$14.75,$4.92 / 100G,,, Add to cart , Save to list 
Bonne Maman Apricot Spread 335g,https://www.woolworths.com.au/shop/productdetails/237080/bonne-maman-apricot-spread,https://assets.woolworths.com.au/images/1005/237080.jpg?impolicy=wowsmkqiema&w=260&h=260,$6.95,$2.07 / 100G,,, Add to cart , Save to list 
Carman's Aussie Oat Clusters Apple 500g,https://www.woolworths.com.au/shop/productdetails/181965/carman-s-aussie-oat-clusters-apple,https://assets.woolworths.com.au/images/1005/181965.jpg?impolicy=wowsmkqiema&w=260&h=260,$6.00,$1.20 / 100G,,, Add to cart , Save to list 
Creative Kitchen Mini Lady Birds Cake Decorations 32 Pack,https://www.woolworths.com.au/shop/productdetails/828676/creative-kitchen-mini-lady-birds-cake-decorations,https://assets.woolworths.com.au/images/1005/828676.jpg?impolicy=wowsmkqiema&w=260&h=260,$3.50,$0.11 / 1EA,,, Add to cart , Save to list 
Egmont Honey Manuka Honey Mgo 30+ 250g,https://www.woolworths.com.au/shop/productdetails/161925/egmont-honey-manuka-honey-mgo-30-,https://assets.woolworths.com.au/images/1005/161925.jpg?impolicy=wowsmkqiema&w=260&h=260,$8.00,$3.20 / 100G,,, Add to cart , Save to list 
Hellmann's Light Mayonnaise Jar 400g,https://www.woolworths.com.au/shop/productdetails/232563/hellmann-s-light-mayonnaise-jar,https://assets.woolworths.com.au/images/1005/232563.jpg?impolicy=wowsmkqiema&w=260&h=260,$7.50,$1.88 / 100G,,, Add to cart , Save to list 
Lee Kum Kee Chili Oil Chiu Chow 205g,https://www.woolworths.com.au/shop/productdetails/828060/lee-kum-kee-chili-oil-chiu-chow,https://assets.woolworths.com.au/images/1005/828060.jpg?impolicy=wowsmkqiema&w=260&h=260,$5.10,$2.49 / 100G,,, Add to cart , Save to list 
Moccona Freeze Dried Instant Coffee Classic Dark Roast 100g,https://www.woolworths.com.au/shop/productdetails/248497/moccona-freeze-dried-instant-coffee-classic-dark-roast,https://assets.woolworths.com.au/images/1005/248497.jpg?impolicy=wowsmkqiema&w=260&h=260,$11.50,$11.50 / 100G,,, Add to cart , Save to list 
Nature Nate's Honey Bear Australian Honey 330g,https://www.woolworths.com.au/shop/productdetails/234086/nature-nate-s-honey-bear-australian-honey,https://assets.woolworths.com.au/images/1005/234086.jpg?impolicy=wowsmkqiema&w=260&h=260,$7.50,$2.27 / 100G,,, Add to cart , Save to list 
Old El Paso Bulk Hard & Soft Kit 560g,https://www.woolworths.com.au/shop/productdetails/8317/old-el-paso-bulk-hard-soft-kit,https://assets.woolworths.com.au/images/1005/8317.jpg?impolicy=wowsmkqiema&w=260&h=260,$10.00,$1.79 / 100G,,, Add to cart , Save to list 
Samyang Super Spicy Turkey Noodle 140g*5bag/pack&nbsp;X 2Pack,https://www.woolworths.com.au/shop/productdetails/1074027179/samyang-super-spicy-turkey-noodle-140g-5bag-pack-nbsp-x-2pack,https://assets.woolworths.com.au/images/1005/1074027179.jpg?impolicy=wowsmkqiema&w=260&h=260,$26.99,$1.93 / 100G,,, Add to cart , Save to list 
Shwartz Chocolate Sprinkles 283g x 2,https://www.woolworths.com.au/shop/productdetails/1074032883/shwartz-chocolate-sprinkles-283g-x-2,https://assets.woolworths.com.au/images/1005/1074032883.jpg?impolicy=wowsmkqiema&w=260&h=260,$29.99,$15.00 / 1EA,,, Add to cart , Save to list 
Blue Frog Keto Cereal Almond Butter & Vanilla Bean 300g,https://www.woolworths.com.au/shop/productdetails/274329/blue-frog-keto-cereal-almond-butter-vanilla-bean,https://assets.woolworths.com.au/images/1005/274329.jpg?impolicy=wowsmkqiema&w=260&h=260,$14.75,$4.92 / 100G,,, Add to cart , Save to list 
Delicious Dessert Mix Lemon Tart 350g,https://www.woolworths.com.au/shop/productdetails/242197/delicious-dessert-mix-lemon-tart,https://assets.woolworths.com.au/images/1005/242197.jpg?impolicy=wowsmkqiema&w=260&h=260,$6.50,$1.86 / 100G,,, Add to cart , Save to list 
Marion's Kitchen Thai Massaman Curry Cooking Kit 309g,https://www.woolworths.com.au/shop/productdetails/100330/marion-s-kitchen-thai-massaman-curry-cooking-kit,https://assets.woolworths.com.au/images/1005/100330.jpg?impolicy=wowsmkqiema&w=260&h=260,$7.60,$2.46 / 100G,,, Add to cart , Save to list 
Mentos Single Serve Pillowpack Mint Bulk Bag 540g 200pc,https://www.woolworths.com.au/shop/productdetails/1073908193/mentos-single-serve-pillowpack-mint-bulk-bag-540g-200pc,https://assets.woolworths.com.au/images/1005/1073908193.jpg?impolicy=wowsmkqiema&w=260&h=260,$17.85,$0.09 / 1EA,,, Add to cart , Save to list 
Mesona Grass Jelly Drink 320g,https://www.woolworths.com.au/shop/productdetails/750105/mesona-grass-jelly-drink,https://assets.woolworths.com.au/images/1005/750105.jpg?impolicy=wowsmkqiema&w=260&h=260,$1.30,$0.41 / 100G,,, Add to cart , Save to list 
Target Corned Beef Halal 340g,https://www.woolworths.com.au/shop/productdetails/819177/target-corned-beef-halal,https://assets.woolworths.com.au/images/1005/819177.jpg?impolicy=wowsmkqiema&w=260&h=260,$6.00,$1.76 / 100G,,, Add to cart , Save to list 
Uludag Lemonade Gazoz Drink 1.5l,https://www.woolworths.com.au/shop/productdetails/777774/uludag-lemonade-gazoz-drink,https://assets.woolworths.com.au/images/1005/777774.jpg?impolicy=wowsmkqiema&w=260&h=260,$2.60,$0.17 / 100ML,,, Add to cart , Save to list 
Woolworths Seafood Mayonnaise 250ml,https://www.woolworths.com.au/shop/productdetails/87917/woolworths-seafood-mayonnaise,https://assets.woolworths.com.au/images/1005/87917.jpg?impolicy=wowsmkqiema&w=260&h=260,$2.00,$0.80 / 100ML,,, Add to cart , Save to list 
Capilano Mgo 60+ Manuka Honey Active Manuka Mgo60+ Squeeze 340g,https://www.woolworths.com.au/shop/productdetails/235611/capilano-mgo-60-manuka-honey-active-manuka-mgo60-squeeze,https://assets.woolworths.com.au/images/1005/235611.jpg?impolicy=wowsmkqiema&w=260&h=260,$13.50,$3.97 / 100G,,, Add to cart , Save to list 
Carman's Porridge 5 Grain Superseed 320g,https://www.woolworths.com.au/shop/productdetails/687790/carman-s-porridge-5-grain-superseed,https://assets.woolworths.com.au/images/1005/687790.jpg?impolicy=wowsmkqiema&w=260&h=260,$6.50,$2.03 / 100G,,, Add to cart , Save to list 
Dr. Oetker Designer Icing White 140g,https://www.woolworths.com.au/shop/productdetails/449741/dr-oetker-designer-icing-white,https://assets.woolworths.com.au/images/1005/449741.jpg?impolicy=wowsmkqiema&w=260&h=260,$4.50,$3.21 / 100G,,, Add to cart , Save to list 
Fine Fettle Zucchini Noodles 20g,https://www.woolworths.com.au/shop/productdetails/221810/fine-fettle-zucchini-noodles,https://assets.woolworths.com.au/images/1005/221810.jpg?impolicy=wowsmkqiema&w=260&h=260,$7.00,$35.00 / 100G,,, Add to cart , Save to list 
Arkadia Handcrafted Sticky Chai Loose Leaf Tea 105g,https://www.woolworths.com.au/shop/productdetails/157293/arkadia-handcrafted-sticky-chai-loose-leaf-tea,https://assets.woolworths.com.au/images/1005/157293.jpg?impolicy=wowsmkqiema&w=260&h=260,$10.00,$9.52 / 100G,,, Add to cart , Save to list 
Britannia Bourbon Chocolate Biscuits 390g,https://www.woolworths.com.au/shop/productdetails/753062/britannia-bourbon-chocolate-biscuits,https://assets.woolworths.com.au/images/1005/753062.jpg?impolicy=wowsmkqiema&w=260&h=260,$4.95,$1.27 / 100G,,, Add to cart , Save to list 
Bryne Co Pickled Jalapenos 1.36kg,https://www.woolworths.com.au/shop/productdetails/162241/bryne-co-pickled-jalapenos,https://assets.woolworths.com.au/images/1005/162241.jpg?impolicy=wowsmkqiema&w=260&h=260,$6.00,$4.41 / 1KG,4.3,390, Add to cart , Save to list 
Caffe Aurora Ground Coffee Italian Blend 1kg,https://www.woolworths.com.au/shop/productdetails/158982/caffe-aurora-ground-coffee-italian-blend,https://assets.woolworths.com.au/images/1005/158982.jpg?impolicy=wowsmkqiema&w=260&h=260,$17.00,$1.70 / 100G,,, Add to cart , Save to list 
Delicious Hazelnut Chocolate Sauce 200g,https://www.woolworths.com.au/shop/productdetails/242333/delicious-hazelnut-chocolate-sauce,https://assets.woolworths.com.au/images/1005/242333.jpg?impolicy=wowsmkqiema&w=260&h=260,$8.00,$4.00 / 100G,,, Add to cart , Save to list 
Fix And Fogg Choc Berry Everything Spread 275g,https://www.woolworths.com.au/shop/productdetails/198685/fix-and-fogg-choc-berry-everything-spread,https://assets.woolworths.com.au/images/1005/198685.jpg?impolicy=wowsmkqiema&w=260&h=260,$6.90,$2.51 / 100G,,, Add to cart , Save to list 
Glico Pocky Stick Chocolate Biscuits 47g 10PK,https://www.woolworths.com.au/shop/productdetails/1073908295/glico-pocky-stick-chocolate-biscuits-47g-10pk,https://assets.woolworths.com.au/images/1005/1073908295.jpg?impolicy=wowsmkqiema&w=260&h=260,$22.95,$2.30 / 1EA,,, Add to cart , Save to list 
Kushi Pink Guava Juice 1l,https://www.woolworths.com.au/shop/productdetails/667760/kushi-pink-guava-juice,https://assets.woolworths.com.au/images/1005/667760.jpg?impolicy=wowsmkqiema&w=260&h=260,$2.95,$0.30 / 100ML,,, Add to cart , Save to list 
Macro Organic Cacao Powder 6pk Box 250g,https://www.woolworths.com.au/shop/productdetails/1073923067/macro-organic-cacao-powder-6pk-box-250g,https://assets.woolworths.com.au/images/1005/1073923067.jpg?impolicy=wowsmkqiema&w=260&h=260,$33.00,$2.20 / 100G,,, Add to cart , Save to list 
Mama's Homestyle Ajvar Mild 290g,https://www.woolworths.com.au/shop/productdetails/421762/mama-s-homestyle-ajvar-mild,https://assets.woolworths.com.au/images/1005/421762.jpg?impolicy=wowsmkqiema&w=260&h=260,$8.50,$2.93 / 100G,,, Add to cart , Save to list 
Nestle Milo Duo Breakfast Cereal 340g,https://www.woolworths.com.au/shop/productdetails/319318/nestle-milo-duo-breakfast-cereal,https://assets.woolworths.com.au/images/1005/319318.jpg?impolicy=wowsmkqiema&w=260&h=260,$6.50,$1.91 / 100G,,, Add to cart , Save to list 
Nirvana Organics Stevia Liquid 30ml,https://www.woolworths.com.au/shop/productdetails/1073778100/nirvana-organics-stevia-liquid-30ml,https://assets.woolworths.com.au/images/1005/1073778100.jpg?impolicy=wowsmkqiema&w=260&h=260,$10.00,$1.00 / 100ML,,, Add to cart , Save to list 
Reese's Pieces Peanut Butter Candy Bag 170g 6PK,https://www.woolworths.com.au/shop/productdetails/1074051107/reese-s-pieces-peanut-butter-candy-bag-170g-6pk,https://assets.woolworths.com.au/images/1005/1074051107.jpg?impolicy=wowsmkqiema&w=260&h=260,$38.25,$6.38 / 1EA,,, Add to cart , Save to list 
S&b Japanese Style Chilli Paste Tube 43g,https://www.woolworths.com.au/shop/productdetails/19615/s-b-japanese-style-chilli-paste-tube,https://assets.woolworths.com.au/images/1005/19615.jpg?impolicy=wowsmkqiema&w=260&h=260,$3.30,$7.67 / 100G,,, Add to cart , Save to list 
Sacred Grounds Groover Coffee Beans 500g,https://www.woolworths.com.au/shop/productdetails/125490/sacred-grounds-groover-coffee-beans,https://assets.woolworths.com.au/images/1005/125490.jpg?impolicy=wowsmkqiema&w=260&h=260,$20.00,$4.00 / 100G,,, Add to cart , Save to list 
T2 Melbourne Breakfast Tea Bags 10 Pack,https://www.woolworths.com.au/shop/productdetails/112518/t2-melbourne-breakfast-tea-bags,https://assets.woolworths.com.au/images/1005/112518.jpg?impolicy=wowsmkqiema&w=260&h=260,$7.00,$0.70 / 1EA,,, Add to cart , Save to list 
Trolli A Showbag,https://www.woolworths.com.au/shop/productdetails/1073961037/trolli-a-showbag,https://assets.woolworths.com.au/images/1005/1073961037.jpg?impolicy=wowsmkqiema&w=260&h=260,$16.15,,,, Add to cart , Save to list 
Beerenberg Pale Ale Mustard 150g,https://www.woolworths.com.au/shop/productdetails/164421/beerenberg-pale-ale-mustard,https://assets.woolworths.com.au/images/1005/164421.jpg?impolicy=wowsmkqiema&w=260&h=260,$4.35,$2.90 / 100G,,, Add to cart , Save to list 
Benino Red Roasted Peppers 465g,https://www.woolworths.com.au/shop/productdetails/193894/benino-red-roasted-peppers,https://assets.woolworths.com.au/images/1005/193894.jpg?impolicy=wowsmkqiema&w=260&h=260,$5.00,$1.08 / 100G,,, Add to cart , Save to list 
Bokoma Pronutro Chocolate South African 500g,https://www.woolworths.com.au/shop/productdetails/724841/bokoma-pronutro-chocolate-south-african,https://assets.woolworths.com.au/images/1005/724841.jpg?impolicy=wowsmkqiema&w=260&h=260,$7.20,$1.44 / 100G,,, Add to cart , Save to list 
Delicious Double Chocolate Mousse Cake Mix 497g,https://www.woolworths.com.au/shop/productdetails/184203/delicious-double-chocolate-mousse-cake-mix,https://assets.woolworths.com.au/images/1005/184203.jpg?impolicy=wowsmkqiema&w=260&h=260,$6.50,$1.31 / 100G,,, Add to cart , Save to list 
Lucky Natural Cashew Pieces 150g,https://www.woolworths.com.au/shop/productdetails/244672/lucky-natural-cashew-pieces,https://assets.woolworths.com.au/images/1005/244672.jpg?impolicy=wowsmkqiema&w=260&h=260,$3.50,$23.33 / 1KG,,, Add to cart , Save to list 
Lucky Oven Roasted Almonds 300g,https://www.woolworths.com.au/shop/productdetails/247445/lucky-oven-roasted-almonds,https://assets.woolworths.com.au/images/1005/247445.jpg?impolicy=wowsmkqiema&w=260&h=260,$7.50,$25.00 / 1KG,,, Add to cart , Save to list 
Milka Milk Chocolate Alpine 100g,https://www.woolworths.com.au/shop/productdetails/890498/milka-milk-chocolate-alpine,https://assets.woolworths.com.au/images/1005/890498.jpg?impolicy=wowsmkqiema&w=260&h=260,$3.00,$3.00 / 100G,,, Add to cart , Save to list 
Cockatoo Grove Organic Australian Robust Extra Virgin Olive Oil 750ml,https://www.woolworths.com.au/shop/productdetails/182913/cockatoo-grove-organic-australian-robust-extra-virgin-olive-oil,https://assets.woolworths.com.au/images/1005/182913.jpg?impolicy=wowsmkqiema&w=260&h=260,$14.00,$1.87 / 100ML,,, Add to cart , Save to list 
Grinders Compostable Coffee Capsules Crema 10 Pack,https://www.woolworths.com.au/shop/productdetails/177986/grinders-compostable-coffee-capsules-crema,https://assets.woolworths.com.au/images/1005/177986.jpg?impolicy=wowsmkqiema&w=260&h=260,$6.40,$0.64 / 1EA,,, Add to cart , Save to list 
Laucke Stoneground Rustic White Bread Mix 2.4kg,https://www.woolworths.com.au/shop/productdetails/82406/laucke-stoneground-rustic-white-bread-mix,https://assets.woolworths.com.au/images/1005/82406.jpg?impolicy=wowsmkqiema&w=260&h=260,$10.90,$4.54 / 1KG,,, Add to cart , Save to list 
Maharajah's Choice Cardamom Green Pods 50g,https://www.woolworths.com.au/shop/productdetails/124845/maharajah-s-choice-cardamom-green-pods,https://assets.woolworths.com.au/images/1005/124845.jpg?impolicy=wowsmkqiema&w=260&h=260,$4.80,$9.60 / 100G,,, Add to cart , Save to list 
Mamee Chinese Chicken 72g,https://www.woolworths.com.au/shop/productdetails/54684/mamee-chinese-chicken,https://assets.woolworths.com.au/images/1005/54684.jpg?impolicy=wowsmkqiema&w=260&h=260,$2.50,$3.42 / 100G,,, Add to cart , Save to list 
Nescafe Farmers Origins Capsules Colombia 10 Pack,https://www.woolworths.com.au/shop/productdetails/151045/nescafe-farmers-origins-capsules-colombia,https://assets.woolworths.com.au/images/1005/151045.jpg?impolicy=wowsmkqiema&w=260&h=260,$7.00,$0.70 / 1EA,,, Add to cart , Save to list 
Orgran Gluten Free Porridge Quinoa 500g,https://www.woolworths.com.au/shop/productdetails/217155/orgran-gluten-free-porridge-quinoa,https://assets.woolworths.com.au/images/1005/217155.jpg?impolicy=wowsmkqiema&w=260&h=260,$8.00,$1.60 / 100G,,, Add to cart , Save to list 
The Healthy Baker Wholemeal Plain Flour Mix 1kg,https://www.woolworths.com.au/shop/productdetails/147373/the-healthy-baker-wholemeal-plain-flour-mix,https://assets.woolworths.com.au/images/1005/147373.jpg?impolicy=wowsmkqiema&w=260&h=260,$4.50,$4.50 / 1KG,,, Add to cart , Save to list 
Bisto Chicken Flavour Gravy Granules 170g,https://www.woolworths.com.au/shop/productdetails/724479/bisto-chicken-flavour-gravy-granules-chicken,https://assets.woolworths.com.au/images/1005/724479.jpg?impolicy=wowsmkqiema&w=260&h=260,$8.50,$5.00 / 100G,,, Add to cart , Save to list 
"Chupa Chups 3D Fizzy Soft Drinks Lollipops Box, 45 Pack",https://www.woolworths.com.au/shop/productdetails/1073973253/chupa-chups-3d-fizzy-soft-drinks-lollipops-box-45-pack,https://assets.woolworths.com.au/images/1005/1073973253.jpg?impolicy=wowsmkqiema&w=260&h=260,$37.50,$5.56 / 100G,,, Add to cart , Save to list 
Koh Kae Snacks Peanuts Coconut Coated 265g,https://www.woolworths.com.au/shop/productdetails/364822/koh-kae-snacks-peanuts-coconut-coated,https://assets.woolworths.com.au/images/1005/364822.jpg?impolicy=wowsmkqiema&w=260&h=260,$4.30,$16.23 / 1KG,,, Add to cart , Save to list 
Lee Kum Kee Char Siu Sauce Char Siu 397g,https://www.woolworths.com.au/shop/productdetails/38352/lee-kum-kee-char-siu-sauce-char-siu,https://assets.woolworths.com.au/images/1005/38352.jpg?impolicy=wowsmkqiema&w=260&h=260,$5.40,$1.36 / 100G,,, Add to cart , Save to list 
Mtr Ready To Eat Dal Makhani 300g,https://www.woolworths.com.au/shop/productdetails/356673/mtr-ready-to-eat-dal-makhani,https://assets.woolworths.com.au/images/1005/356673.jpg?impolicy=wowsmkqiema&w=260&h=260,$3.00,$1.00 / 100G,,, Add to cart , Save to list 
Mckenzie's Baking Aids Gelatine Leaves 20g,https://www.woolworths.com.au/shop/productdetails/724056/mckenzie-s-baking-aids-gelatine-leaves,https://assets.woolworths.com.au/images/1005/724056.jpg?impolicy=wowsmkqiema&w=260&h=260,$5.65,$28.25 / 100G,,, Add to cart , Save to list 
Mckenzie's Natural Sea Salt Grinder 410g,https://www.woolworths.com.au/shop/productdetails/260684/mckenzie-s-natural-sea-salt-grinder,https://assets.woolworths.com.au/images/1005/260684.jpg?impolicy=wowsmkqiema&w=260&h=260,$8.50,$0.21 / 10G,,, Add to cart , Save to list 
Sacred Grounds Breezy Coffee Beans 500g,https://www.woolworths.com.au/shop/productdetails/129812/sacred-grounds-breezy-coffee-beans,https://assets.woolworths.com.au/images/1005/129812.jpg?impolicy=wowsmkqiema&w=260&h=260,$20.00,$4.00 / 100G,,, Add to cart , Save to list 
Sunrice Micowavable Red Rice 250g,https://www.woolworths.com.au/shop/productdetails/252181/sunrice-micowavable-red-rice,https://assets.woolworths.com.au/images/1005/252181.jpg?impolicy=wowsmkqiema&w=260&h=260,$3.50,$1.40 / 100G,,, Add to cart , Save to list 
The Rice Company Red Rice 500g,https://www.woolworths.com.au/shop/productdetails/222486/trc-red-rice-500g-the-rice-company-red-rice,https://assets.woolworths.com.au/images/1005/222486.jpg?impolicy=wowsmkqiema&w=260&h=260,$6.00,$1.20 / 100G,,, Add to cart , Save to list 
Always Fresh Garlic Olives 230g,https://www.woolworths.com.au/shop/productdetails/691212/always-fresh-garlic-olives,https://assets.woolworths.com.au/images/1005/691212.jpg?impolicy=wowsmkqiema&w=260&h=260,$5.00,$21.74 / 1KG,,, Add to cart , Save to list 
Fix And Fogg Peanut Butter Smooth 375g,https://www.woolworths.com.au/shop/productdetails/498474/fix-and-fogg-peanut-butter-smooth,https://assets.woolworths.com.au/images/1005/498474.jpg?impolicy=wowsmkqiema&w=260&h=260,$6.90,$1.84 / 100G,,, Add to cart , Save to list 
GODIVA Gourmet Belgian Chocolate Heaven Pack (1 Gift Box + 4 Chocolate Bars),https://www.woolworths.com.au/shop/productdetails/1074001346/godiva-gourmet-belgian-chocolate-heaven-pack-1-gift-box-4-chocolate-bars-,https://assets.woolworths.com.au/images/1005/1074001346.jpg?impolicy=wowsmkqiema&w=260&h=260,$72.00,,,, Add to cart , Save to list 
Grinders Crema Ground Rainforest Alliance Certified 200g,https://www.woolworths.com.au/shop/productdetails/733484/grinders-crema-ground-rainforest-alliance-certified,https://assets.woolworths.com.au/images/1005/733484.jpg?impolicy=wowsmkqiema&w=260&h=260,$11.00,$5.50 / 100G,,, Add to cart , Save to list 
Rivsalt The Dining Table Essentials Grater/Holder w/ Rock Salt & Peppers 2pc,https://www.woolworths.com.au/shop/productdetails/1074025903/rivsalt-the-dining-table-essentials-grater-holder-w-rock-salt-peppers-2pc,https://assets.woolworths.com.au/images/1005/1074025903.jpg?impolicy=wowsmkqiema&w=260&h=260,$46.75,$46.75 / 1EA,,, Add to cart , Save to list 
B2 Luncheon Meat Spicy Pork 340g,https://www.woolworths.com.au/shop/productdetails/827013/b2-luncheon-meat-spicy-pork,https://assets.woolworths.com.au/images/1005/827013.jpg?impolicy=wowsmkqiema&w=260&h=260,$3.50,$1.03 / 100G,,, Add to cart , Save to list 
BOB Vegan Cocoa Drinking Chocolate 250g x 3 Packs,https://www.woolworths.com.au/shop/productdetails/1073911129/bob-vegan-cocoa-drinking-chocolate-250g-x-3-packs,https://assets.woolworths.com.au/images/1005/1073911129.jpg?impolicy=wowsmkqiema&w=260&h=260,$30.00,$4.00 / 100G,,, Add to cart , Save to list 
Chocolate Works - Chocolate Couture Bars - Cookies and Cream - 6 Pack - 200 grams,https://www.woolworths.com.au/shop/productdetails/1074083034/chocolate-works-chocolate-couture-bars-cookies-and-cream-6-pack-200-grams,https://assets.woolworths.com.au/images/1005/1074083034.jpg?impolicy=wowsmkqiema&w=260&h=260,$72.00,$12.00 / 1EA,,, Add to cart , Save to list 
Du Son Premium Fish Sauce 500ml,https://www.woolworths.com.au/shop/productdetails/234025/du-son-premium-fish-sauce,https://assets.woolworths.com.au/images/1005/234025.jpg?impolicy=wowsmkqiema&w=260&h=260,$6.40,$1.28 / 100ML,,, Add to cart , Save to list 
Gefen Baking Powder 226g x 2,https://www.woolworths.com.au/shop/productdetails/1074032681/gefen-baking-powder-226g-x-2,https://assets.woolworths.com.au/images/1005/1074032681.jpg?impolicy=wowsmkqiema&w=260&h=260,$31.50,$15.75 / 1EA,,, Add to cart , Save to list 
Gefen Baking Soda 340g x 2,https://www.woolworths.com.au/shop/productdetails/1074032678/gefen-baking-soda-340g-x-2,https://assets.woolworths.com.au/images/1005/1074032678.jpg?impolicy=wowsmkqiema&w=260&h=260,$33.00,$16.50 / 1EA,,, Add to cart , Save to list 
Haribo Twin Snakes Gummies Bag 140g 4PK,https://www.woolworths.com.au/shop/productdetails/1073927448/haribo-twin-snakes-gummies-bag-140g-4pk,https://assets.woolworths.com.au/images/1005/1073927448.jpg?impolicy=wowsmkqiema&w=260&h=260,$16.15,$4.04 / 1EA,,, Add to cart , Save to list 
Illy Classico 100% Arabica Esspresso Classic Roast Coffe Bean 1.5kg,https://www.woolworths.com.au/shop/productdetails/1074025785/illy-classico-100-arabica-esspresso-classic-roast-coffe-bean-1-5kg,https://assets.woolworths.com.au/images/1005/1074025785.jpg?impolicy=wowsmkqiema&w=260&h=260,$107.95,,,, Add to cart , Save to list 
Jose Gourmet Fish Selections in Organic Olive Oils Gift Box 4Pack,https://www.woolworths.com.au/shop/productdetails/1074051607/jose-gourmet-fish-selections-in-organic-olive-oils-gift-box-4pack,https://assets.woolworths.com.au/images/1005/1074051607.jpg?impolicy=wowsmkqiema&w=260&h=260,$59.00,,,, Add to cart , Save to list 
Kikkoman Manjo Mirin 300ml,https://www.woolworths.com.au/shop/productdetails/669000/kikkoman-manjo-mirin,https://assets.woolworths.com.au/images/1005/669000.jpg?impolicy=wowsmkqiema&w=260&h=260,$6.30,$2.10 / 100ML,,, Add to cart , Save to list 
Lee Kum Kee Soup Base For Chicken Hot Pot Chicken Soup Hot Pot 60g,https://www.woolworths.com.au/shop/productdetails/828176/lee-kum-kee-soup-base-for-chicken-hot-pot-chicken-soup-hot-pot,https://assets.woolworths.com.au/images/1005/828176.jpg?impolicy=wowsmkqiema&w=260&h=260,$1.50,$2.50 / 100G,,, Add to cart , Save to list 
Negrita Ground Coffee Turkish Dark Roast 200g,https://www.woolworths.com.au/shop/productdetails/44917/negrita-ground-coffee-turkish-dark-roast,https://assets.woolworths.com.au/images/1005/44917.jpg?impolicy=wowsmkqiema&w=260&h=260,$5.50,$2.75 / 100G,,, Add to cart , Save to list 
Nostalgic Art Mint Tin Box VW Meet The Classics Hard Candy Mints 6cm 2pk,https://www.woolworths.com.au/shop/productdetails/1074051222/nostalgic-art-mint-tin-box-vw-meet-the-classics-hard-candy-mints-6cm-2pk,https://assets.woolworths.com.au/images/1005/1074051222.jpg?impolicy=wowsmkqiema&w=260&h=260,$19.55,$9.78 / 1EA,,, Add to cart , Save to list 
Old Town Authentic White Coffee with reduced sugar 15 bars 525g x 2Pack,https://www.woolworths.com.au/shop/productdetails/1073962579/old-town-authentic-white-coffee-with-reduced-sugar-15-bars-525g-x-2pack,https://assets.woolworths.com.au/images/1005/1073962579.jpg?impolicy=wowsmkqiema&w=260&h=260,$27.49,$2.62 / 100G,,, Add to cart , Save to list 
Sunstone Balsamic Vinegar Caramelised 250ml,https://www.woolworths.com.au/shop/productdetails/781482/sunstone-balsamic-vinegar-caramelised,https://assets.woolworths.com.au/images/1005/781482.jpg?impolicy=wowsmkqiema&w=260&h=260,$16.90,$6.76 / 100ML,,, Add to cart , Save to list 
Castania Sunflower Seeds 250g,https://www.woolworths.com.au/shop/productdetails/104317/castania-sunflower-seeds,https://assets.woolworths.com.au/images/1005/104317.jpg?impolicy=wowsmkqiema&w=260&h=260,$7.10,$2.84 / 100G,,, Add to cart , Save to list 
Chai Tea Organic Rooibos Chai Tea Bags 20serve,https://www.woolworths.com.au/shop/productdetails/1073923138/chai-tea-organic-rooibos-chai-tea-bags-20serve,https://assets.woolworths.com.au/images/1005/1073923138.jpg?impolicy=wowsmkqiema&w=260&h=260,$11.95,$0.60 / 1EA,,, Add to cart , Save to list 
Mdh Kasoori Methi 100g,https://www.woolworths.com.au/shop/productdetails/576397/mdh-kasoori-methi,https://assets.woolworths.com.au/images/1005/576397.jpg?impolicy=wowsmkqiema&w=260&h=260,$2.50,$2.50 / 100G,,, Add to cart , Save to list 
Nissin Noodle Cup Laksa 75g,https://www.woolworths.com.au/shop/productdetails/250291/nissin-noodle-cup-laksa,https://assets.woolworths.com.au/images/1005/250291.jpg?impolicy=wowsmkqiema&w=260&h=260,$2.45,$3.27 / 100G,,, Add to cart , Save to list 
Praise Parmi-naise Mayo 250ml,https://www.woolworths.com.au/shop/productdetails/233865/praise-parmi-naise-mayo,https://assets.woolworths.com.au/images/1005/233865.jpg?impolicy=wowsmkqiema&w=260&h=260,$4.50,$1.80 / 100ML,,, Add to cart , Save to list 
Red Seal Zen Tea Bags 20 Pack,https://www.woolworths.com.au/shop/productdetails/110522/red-seal-zen-tea-bags,https://assets.woolworths.com.au/images/1005/110522.jpg?impolicy=wowsmkqiema&w=260&h=260,$6.00,$0.30 / 1EA,,, Add to cart , Save to list 
S&b Crunchy Garlic Chilli Oil 110g,https://www.woolworths.com.au/shop/productdetails/237854/s-b-crunchy-garlic-chilli-oil,https://assets.woolworths.com.au/images/1005/237854.jpg?impolicy=wowsmkqiema&w=260&h=260,$7.50,$6.82 / 100G,,, Add to cart , Save to list 
Indomie Instant Noodles Chicken Curry Flavour 80g,https://www.woolworths.com.au/shop/productdetails/40382/indomie-instant-noodles-chicken-curry-flavour,https://assets.woolworths.com.au/images/1005/40382.jpg?impolicy=wowsmkqiema&w=260&h=260,$1.00,$1.25 / 100G,,, Add to cart , Save to list 
Katoomba Mung Beans 1kg,https://www.woolworths.com.au/shop/productdetails/753946/katoomba-mung-beans,https://assets.woolworths.com.au/images/1005/753946.jpg?impolicy=wowsmkqiema&w=260&h=260,$4.75,$0.48 / 100G,,, Add to cart , Save to list 
Mtr Ready To Eat Palak Paneer 300g,https://www.woolworths.com.au/shop/productdetails/356675/mtr-ready-to-eat-palak-paneer,https://assets.woolworths.com.au/images/1005/356675.jpg?impolicy=wowsmkqiema&w=260&h=260,$3.00,$1.00 / 100G,,, Add to cart , Save to list 
Red Seal Immunity Green Tea Vitamin C Echinacea 20 Pack,https://www.woolworths.com.au/shop/productdetails/110562/red-seal-immunity-green-tea-vitamin-c-echinacea,https://assets.woolworths.com.au/images/1005/110562.jpg?impolicy=wowsmkqiema&w=260&h=260,$6.00,$0.30 / 1EA,,, Add to cart , Save to list 
Rosella Tomato Roasted Pepper Soup 390g,https://www.woolworths.com.au/shop/productdetails/276841/rosella-tomato-roasted-pepper-soup,https://assets.woolworths.com.au/images/1005/276841.jpg?impolicy=wowsmkqiema&w=260&h=260,$2.80,$0.72 / 100G,,, Add to cart , Save to list 
Second House Salep Pudding Mix 200g,https://www.woolworths.com.au/shop/productdetails/815752/second-house-salep-pudding-mix,https://assets.woolworths.com.au/images/1005/815752.jpg?impolicy=wowsmkqiema&w=260&h=260,$3.15,$1.58 / 100G,,, Add to cart , Save to list 
Uncle Lee Beef Jerky 100g x 2Pack,https://www.woolworths.com.au/shop/productdetails/1073962574/uncle-lee-beef-jerky-100g-x-2pack,https://assets.woolworths.com.au/images/1005/1073962574.jpg?impolicy=wowsmkqiema&w=260&h=260,$29.99,$15.00 / 100G,,, Add to cart , Save to list 
Always Fresh Jalapeno Olives 230g,https://www.woolworths.com.au/shop/productdetails/691214/always-fresh-jalapeno-olives,https://assets.woolworths.com.au/images/1005/691214.jpg?impolicy=wowsmkqiema&w=260&h=260,$5.00,$21.74 / 1KG,,, Add to cart , Save to list 
Awona Quail Eggs 400g,https://www.woolworths.com.au/shop/productdetails/233240/awona-quail-eggs,https://assets.woolworths.com.au/images/1005/233240.jpg?impolicy=wowsmkqiema&w=260&h=260,$3.80,$0.95 / 100G,,, Add to cart , Save to list 
Fix And Fogg Peanut Butter Super Crunchy 375g,https://www.woolworths.com.au/shop/productdetails/498473/fix-and-fogg-peanut-butter-super-crunchy,https://assets.woolworths.com.au/images/1005/498473.jpg?impolicy=wowsmkqiema&w=260&h=260,$6.90,$1.84 / 100G,,, Add to cart , Save to list 
Fodmapped Roasted Pumpkin Spinach & Feta 500g,https://www.woolworths.com.au/shop/productdetails/224784/fodmapped-roasted-pumpkin-spinach-feta,https://assets.woolworths.com.au/images/1005/224784.jpg?impolicy=wowsmkqiema&w=260&h=260,$8.90,$1.78 / 100G,,, Add to cart , Save to list 
Katoomba Ingredients Chana Dal 1kg,https://www.woolworths.com.au/shop/productdetails/753890/katoomba-ingredients-chana-dal,https://assets.woolworths.com.au/images/1005/753890.jpg?impolicy=wowsmkqiema&w=260&h=260,$3.00,$0.30 / 100G,,, Add to cart , Save to list 
Lo-fo Pantry Low Fodmap Plain Flour 1kg,https://www.woolworths.com.au/shop/productdetails/674629/lo-fo-pantry-low-fodmap-plain-flour,https://assets.woolworths.com.au/images/1005/674629.jpg?impolicy=wowsmkqiema&w=260&h=260,$5.00,$5.00 / 1KG,,, Add to cart , Save to list 
Macro Organic Beetroot Relish 250g,https://www.woolworths.com.au/shop/productdetails/193647/macro-organic-beetroot-relish,https://assets.woolworths.com.au/images/1005/193647.jpg?impolicy=wowsmkqiema&w=260&h=260,$5.00,$2.00 / 100G,3.9,28, Add to cart , Save to list 
Reese's Peanut Butter Cups Miniatures 1.58kg,https://www.woolworths.com.au/shop/productdetails/1074032826/reese-s-peanut-butter-cups-miniatures-1-58kg,https://assets.woolworths.com.au/images/1005/1074032826.jpg?impolicy=wowsmkqiema&w=260&h=260,$49.00,$3.10 / 100G,,, Add to cart , Save to list 
Campbell's Bone Broth Turmeric & Ginger 500ml,https://www.woolworths.com.au/shop/productdetails/258250/campbell-s-bone-broth-turmeric-ginger,https://assets.woolworths.com.au/images/1005/258250.jpg?impolicy=wowsmkqiema&w=260&h=260,$6.30,$1.26 / 100ML,,, Add to cart , Save to list 
"Campbell's Real Stock Flavour Boost Soy, Honey & Garlic 250ml",https://www.woolworths.com.au/shop/productdetails/260172/campbell-s-real-stock-flavour-boost-soy-honey-garlic,https://assets.woolworths.com.au/images/1005/260172.jpg?impolicy=wowsmkqiema&w=260&h=260,$4.00,$1.60 / 100ML,,, Add to cart , Save to list 
Campos Colombia Coffee Beans 500g,https://www.woolworths.com.au/shop/productdetails/129065/campos-colombia-coffee-beans,https://assets.woolworths.com.au/images/1005/129065.jpg?impolicy=wowsmkqiema&w=260&h=260,$29.50,$5.90 / 100G,,, Add to cart , Save to list 
Capilano Aussie Outback Honey Upside Down 340g,https://www.woolworths.com.au/shop/productdetails/237390/capilano-aussie-outback-honey-upside-down,https://assets.woolworths.com.au/images/1005/237390.jpg?impolicy=wowsmkqiema&w=260&h=260,$6.00,$1.76 / 100G,,, Add to cart , Save to list 
Foda Certified Organic Canned Chickpeas Vegan 12pc 400g,https://www.woolworths.com.au/shop/productdetails/1074025912/foda-certified-organic-canned-chickpeas-vegan-12pc-400g,https://assets.woolworths.com.au/images/1005/1074025912.jpg?impolicy=wowsmkqiema&w=260&h=260,$27.20,$2.27 / 1EA,,, Add to cart , Save to list 
Green's Muffins Savoury Mix 500g,https://www.woolworths.com.au/shop/productdetails/142426/green-s-muffins-savoury-mix,https://assets.woolworths.com.au/images/1005/142426.jpg?impolicy=wowsmkqiema&w=260&h=260,$5.00,$1.00 / 100G,,, Add to cart , Save to list 
Grinders Compostable Coffee Capsules Rich Espresso 10 Pack,https://www.woolworths.com.au/shop/productdetails/178064/grinders-compostable-coffee-capsules-rich-espresso,https://assets.woolworths.com.au/images/1005/178064.jpg?impolicy=wowsmkqiema&w=260&h=260,$6.40,$0.64 / 1EA,,, Add to cart , Save to list 
Grinders Rich Espresso Ground Rainforest Alliance Certified 200g,https://www.woolworths.com.au/shop/productdetails/733507/grinders-rich-espresso-ground-rainforest-alliance-certified,https://assets.woolworths.com.au/images/1005/733507.jpg?impolicy=wowsmkqiema&w=260&h=260,$11.00,$5.50 / 100G,,, Add to cart , Save to list 
Kialla Pure Ancient Seeds & Grain Mix 450g,https://www.woolworths.com.au/shop/productdetails/204690/kialla-pure-ancient-seeds-grain-mix,https://assets.woolworths.com.au/images/1005/204690.jpg?impolicy=wowsmkqiema&w=260&h=260,$7.00,$1.56 / 100G,,, Add to cart , Save to list 
La Molisana Pastificio Extra Di Lusso Fusilloni Superiori 500g,https://www.woolworths.com.au/shop/productdetails/74792/la-molisana-pastificio-extra-di-lusso-fusilloni-superiori,https://assets.woolworths.com.au/images/1005/74792.jpg?impolicy=wowsmkqiema&w=260&h=260,$5.50,$1.10 / 100G,4.5,490, Add to cart , Save to list 
Madura Te Chai Leaf Tea 170g,https://www.woolworths.com.au/shop/productdetails/153332/madura-te-chai-leaf-tea,https://assets.woolworths.com.au/images/1005/153332.jpg?impolicy=wowsmkqiema&w=260&h=260,$11.50,$6.76 / 100G,,, Add to cart , Save to list 
Protea Foods South African Biltong Stokkies Peri Peri 100g,https://www.woolworths.com.au/shop/productdetails/720190/protea-foods-south-african-biltong-stokkies-peri-peri,https://assets.woolworths.com.au/images/1005/720190.jpg?impolicy=wowsmkqiema&w=260&h=260,$14.25,$14.25 / 100G,,, Add to cart , Save to list 
Carman's Aussie Oat Clusters Raspberry Crunch 500g,https://www.woolworths.com.au/shop/productdetails/181780/carman-s-aussie-oat-clusters-raspberry-crunch,https://assets.woolworths.com.au/images/1005/181780.jpg?impolicy=wowsmkqiema&w=260&h=260,$6.00,$1.20 / 100G,,, Add to cart , Save to list 
Frys Chocolate Bar Peppermint Cream 49g,https://www.woolworths.com.au/shop/productdetails/326183/frys-chocolate-bar-peppermint-cream,https://assets.woolworths.com.au/images/1005/326183.jpg?impolicy=wowsmkqiema&w=260&h=260,$2.60,$5.31 / 100G,,, Add to cart , Save to list 
Hemp Organic Gold Seed Oil 250ml,https://www.woolworths.com.au/shop/productdetails/175645/hemp-organic-gold-seed-oil,https://assets.woolworths.com.au/images/1005/175645.jpg?impolicy=wowsmkqiema&w=260&h=260,$12.00,$4.80 / 100ML,,, Add to cart , Save to list 
Hoyt's Bouquet Garni 5g,https://www.woolworths.com.au/shop/productdetails/46787/hoyt-s-bouquet-garni,https://assets.woolworths.com.au/images/1005/46787.jpg?impolicy=wowsmkqiema&w=260&h=260,$2.60,$5.20 / 10G,,, Add to cart , Save to list 
Katoomba Ingredients Moong Dal 1kg,https://www.woolworths.com.au/shop/productdetails/754031/katoomba-ingredients-moong-dal,https://assets.woolworths.com.au/images/1005/754031.jpg?impolicy=wowsmkqiema&w=260&h=260,$4.70,$0.47 / 100G,,, Add to cart , Save to list 
La Morena Refried Black Beans 440g,https://www.woolworths.com.au/shop/productdetails/769253/la-morena-refried-black-beans,https://assets.woolworths.com.au/images/1005/769253.jpg?impolicy=wowsmkqiema&w=260&h=260,$6.00,$13.64 / 1KG,,, Add to cart , Save to list 
Moccona Sachets     Coconut Latte 8 Pk,https://www.woolworths.com.au/shop/productdetails/182679/moccona,https://assets.woolworths.com.au/images/1005/182679.jpg?impolicy=wowsmkqiema&w=260&h=260,$3.50,$0.44 / 1EA,,, Add to cart , Save to list 
Pacific Harvest Atlantic Dulse Seaweed Flakes  25g,https://www.woolworths.com.au/shop/productdetails/1073841794/pacific-harvest-atlantic-dulse-seaweed-flakes-25g,https://assets.woolworths.com.au/images/1005/1073841794.jpg?impolicy=wowsmkqiema&w=260&h=260,$12.65,$50.60 / 100G,,, Add to cart , Save to list 
Tilda Jasmine Rice 1kg,https://www.woolworths.com.au/shop/productdetails/254990/tilda-jasmine-rice,https://assets.woolworths.com.au/images/1005/254990.jpg?impolicy=wowsmkqiema&w=260&h=260,$6.95,$0.70 / 100G,,, Add to cart , Save to list 
Truffle Hunter Black Truffle Oil 100ml,https://www.woolworths.com.au/shop/productdetails/1073961482/truffle-hunter-black-truffle-oil-100ml,https://assets.woolworths.com.au/images/1005/1073961482.jpg?impolicy=wowsmkqiema&w=260&h=260,$14.95,"$1,495.00 / 100ML",,, Add to cart , Save to list 
Valley Product Company Xmas Pudd Barossa Brandy Date & Toffee Round - 500g,https://www.woolworths.com.au/shop/productdetails/1073961505/valley-product-company-xmas-pudd-barossa-brandy-date-toffee-round-500g,https://assets.woolworths.com.au/images/1005/1073961505.jpg?impolicy=wowsmkqiema&w=260&h=260,$34.95,"$3,495.00 / 100G",,, Add to cart , Save to list 
Authentic Turkish Delight Rose 250g,https://www.woolworths.com.au/shop/productdetails/149340/authentic-turkish-delight-rose,https://assets.woolworths.com.au/images/1005/149340.jpg?impolicy=wowsmkqiema&w=260&h=260,$7.00,$2.80 / 100G,,, Add to cart , Save to list 
Campos Decaf Coffee Beans 500g,https://www.woolworths.com.au/shop/productdetails/223402/campos-decaf-coffee-beans,https://assets.woolworths.com.au/images/1005/223402.jpg?impolicy=wowsmkqiema&w=260&h=260,$29.50,$5.90 / 100G,,, Add to cart , Save to list 
Fix And Fogg Peanut Butter Smoke And Fire 275g,https://www.woolworths.com.au/shop/productdetails/811492/fix-and-fogg-peanut-butter-smoke-and-fire,https://assets.woolworths.com.au/images/1005/811492.jpg?impolicy=wowsmkqiema&w=260&h=260,$6.90,$2.51 / 100G,,, Add to cart , Save to list 
Green's Choc Chip Cookies 40% Less Sugar 350g,https://www.woolworths.com.au/shop/productdetails/210557/green-s-choc-chip-cookies-40-less-sugar,https://assets.woolworths.com.au/images/1005/210557.jpg?impolicy=wowsmkqiema&w=260&h=260,$4.50,$1.29 / 100G,,, Add to cart , Save to list 
Lotus Yeast Brewer'S 500g,https://www.woolworths.com.au/shop/productdetails/1073836879/lotus-yeast-brewer-s-500g,https://assets.woolworths.com.au/images/1005/1073836879.jpg?impolicy=wowsmkqiema&w=260&h=260,$17.69,$12.64 / 100EA,,, Add to cart , Save to list 
Mcdonnells Curry Sauce Tub 250g,https://www.woolworths.com.au/shop/productdetails/660194/mcdonnells-curry-sauce-tub,https://assets.woolworths.com.au/images/1005/660194.jpg?impolicy=wowsmkqiema&w=260&h=260,$8.00,$3.20 / 100G,,, Add to cart , Save to list 
Mckenzie's Whole Black Peppercorns Grinder 200g,https://www.woolworths.com.au/shop/productdetails/111298/mckenzie-s-whole-black-peppercorns-grinder,https://assets.woolworths.com.au/images/1005/111298.jpg?impolicy=wowsmkqiema&w=260&h=260,$8.50,$0.43 / 10G,,, Add to cart , Save to list 
Nuh'un Capellini Tel Sehriye Pasta 500g,https://www.woolworths.com.au/shop/productdetails/479230/nuh-un-capellini-tel-sehriye-pasta,https://assets.woolworths.com.au/images/1005/479230.jpg?impolicy=wowsmkqiema&w=260&h=260,$2.00,$0.40 / 100G,,, Add to cart , Save to list 
Cadbury Chocolate Cherry Ripe 80g 36pc,https://www.woolworths.com.au/shop/productdetails/1073927498/cadbury-chocolate-cherry-ripe-80g-36pc,https://assets.woolworths.com.au/images/1005/1073927498.jpg?impolicy=wowsmkqiema&w=260&h=260,$73.95,$92.44 / 100G,,, Add to cart , Save to list 
"Carman's Grain Free Granola Raspberry, Blueberry & Cranberry 400g",https://www.woolworths.com.au/shop/productdetails/208879/carman-s-grain-free-granola-raspberry-blueberry-cranberry,https://assets.woolworths.com.au/images/1005/208879.jpg?impolicy=wowsmkqiema&w=260&h=260,$15.00,$3.75 / 100G,,, Add to cart , Save to list 
Coco Earth Chicken Singapore Noodles 300g,https://www.woolworths.com.au/shop/productdetails/160120/coco-earth-chicken-singapore-noodles,https://assets.woolworths.com.au/images/1005/160120.jpg?impolicy=wowsmkqiema&w=260&h=260,$6.00,$2.00 / 100G,,, Add to cart , Save to list 
Delicious Hazelnut Praline Sauce 200g,https://www.woolworths.com.au/shop/productdetails/242198/delicious-hazelnut-praline-sauce,https://assets.woolworths.com.au/images/1005/242198.jpg?impolicy=wowsmkqiema&w=260&h=260,$8.00,$4.00 / 100G,,, Add to cart , Save to list 
Green's 40% Less Sugar Chocolate Brownies 400g,https://www.woolworths.com.au/shop/productdetails/143232/green-s-40-less-sugar-chocolate-brownies,https://assets.woolworths.com.au/images/1005/143232.jpg?impolicy=wowsmkqiema&w=260&h=260,$4.50,$1.13 / 100G,5.0,1, Add to cart , Save to list 
Green's Mini Lemon Cheesecake Mix 275g,https://www.woolworths.com.au/shop/productdetails/239860/green-s-mini-lemon-cheesecake-mix,https://assets.woolworths.com.au/images/1005/239860.jpg?impolicy=wowsmkqiema&w=260&h=260,$5.00,$1.82 / 100G,,, Add to cart , Save to list 
Mt Elephant Banana Oat Superfood Cookie Mix 375g,https://www.woolworths.com.au/shop/productdetails/212377/mt-elephant-banana-oat-superfood-cookie-mix,https://assets.woolworths.com.au/images/1005/212377.jpg?impolicy=wowsmkqiema&w=260&h=260,$6.80,$1.81 / 100G,,, Add to cart , Save to list 
Nissin Instant Noodles Spicy 100g,https://www.woolworths.com.au/shop/productdetails/122365/nissin-instant-noodles-spicy,https://assets.woolworths.com.au/images/1005/122365.jpg?impolicy=wowsmkqiema&w=260&h=260,$1.60,$1.60 / 100G,,, Add to cart , Save to list 
Red Seal Cleanse Herbal Blend Teabags 20 Pack,https://www.woolworths.com.au/shop/productdetails/108598/red-seal-cleanse-herbal-blend-teabags,https://assets.woolworths.com.au/images/1005/108598.jpg?impolicy=wowsmkqiema&w=260&h=260,$6.00,$0.30 / 1EA,,, Add to cart , Save to list 
Truffle Hunter White Truffle Oil 100ml,https://www.woolworths.com.au/shop/productdetails/1073961481/truffle-hunter-white-truffle-oil-100ml,https://assets.woolworths.com.au/images/1005/1073961481.jpg?impolicy=wowsmkqiema&w=260&h=260,$14.95,,,, Add to cart , Save to list 
Always Fresh Kalamata Olives Wedges 220g,https://www.woolworths.com.au/shop/productdetails/465120/always-fresh-kalamata-olives-wedges,https://assets.woolworths.com.au/images/1005/465120.jpg?impolicy=wowsmkqiema&w=260&h=260,$5.00,$22.73 / 1KG,,, Add to cart , Save to list 
﻿Capilano 100% Pure Australian Honey Active Manuka Mgo300+ Squeeze 250g,https://www.woolworths.com.au/shop/productdetails/161057/capilano-100-pure-australian-honey-active-manuka-mgo300-squeeze,https://assets.woolworths.com.au/images/1005/161057.jpg?impolicy=wowsmkqiema&w=260&h=260,$26.00,$10.40 / 100G,,, Add to cart , Save to list 
Eti Tea Biscuits Classic Snack 400g,https://www.woolworths.com.au/shop/productdetails/777724/eti-tea-biscuits-classic-snack,https://assets.woolworths.com.au/images/1005/777724.jpg?impolicy=wowsmkqiema&w=260&h=260,$2.90,$0.73 / 100G,,, Add to cart , Save to list 
Green's Supreme Carrot Cake 600g,https://www.woolworths.com.au/shop/productdetails/212724/green-s-supreme-carrot-cake,https://assets.woolworths.com.au/images/1005/212724.jpg?impolicy=wowsmkqiema&w=260&h=260,$4.50,$0.75 / 100G,,, Add to cart , Save to list 
Laucke Crusty White Bread Mix 5kg,https://www.woolworths.com.au/shop/productdetails/92404/laucke-crusty-white-bread-mix,https://assets.woolworths.com.au/images/1005/92404.jpg?impolicy=wowsmkqiema&w=260&h=260,$20.00,$4.00 / 1KG,,, Add to cart , Save to list 
Laucke Wholemeal Bread Mix 2.4kg,https://www.woolworths.com.au/shop/productdetails/142989/laucke-wholemeal-bread-mix,https://assets.woolworths.com.au/images/1005/142989.jpg?impolicy=wowsmkqiema&w=260&h=260,$10.90,$4.54 / 1KG,5.0,1, Add to cart , Save to list 
Nissin Noodle Cup Chicken 73g,https://www.woolworths.com.au/shop/productdetails/250290/nissin-noodle-cup-chicken,https://assets.woolworths.com.au/images/1005/250290.jpg?impolicy=wowsmkqiema&w=260&h=260,$2.45,$3.36 / 100G,,, Add to cart , Save to list 
Power Super Foods Wakame Flake Cert Organic 50g,https://www.woolworths.com.au/shop/productdetails/1073780030/power-super-foods-wakame-flake-cert-organic-50g,https://assets.woolworths.com.au/images/1005/1073780030.jpg?impolicy=wowsmkqiema&w=260&h=260,$11.96,$159.47 / 1KG,,, Add to cart , Save to list 
Royal Family Bubble Tea Milk Mochi 120g,https://www.woolworths.com.au/shop/productdetails/120287/royal-family-bubble-tea-milk-mochi,https://assets.woolworths.com.au/images/1005/120287.jpg?impolicy=wowsmkqiema&w=260&h=260,$3.50,$2.92 / 100G,,, Add to cart , Save to list 
Colonial Corned Mutton Corned Mutton Halal 340g,https://www.woolworths.com.au/shop/productdetails/185443/colonial-corned-mutton-corned-mutton-halal,https://assets.woolworths.com.au/images/1005/185443.jpg?impolicy=wowsmkqiema&w=260&h=260,$10.00,$29.41 / 1KG,,, Add to cart , Save to list 
Dimes Beverages Pomegranate Juice 1l,https://www.woolworths.com.au/shop/productdetails/717036/dimes-beverages-pomegranate-juice,https://assets.woolworths.com.au/images/1005/717036.jpg?impolicy=wowsmkqiema&w=260&h=260,$3.30,$0.33 / 100ML,,, Add to cart , Save to list 
Dollar Sweets Love Hearts Edible Icing Decorations 8g,https://www.woolworths.com.au/shop/productdetails/210503/dollar-sweets-love-hearts-edible-icing-decorations,https://assets.woolworths.com.au/images/1005/210503.jpg?impolicy=wowsmkqiema&w=260&h=260,$3.50,$43.75 / 100G,,, Add to cart , Save to list 
Donna Hay Fudgy Chocolate Cake Gluten Free Mix 570g,https://www.woolworths.com.au/shop/productdetails/85139/donna-hay-fudgy-chocolate-cake-gluten-free-mix,https://assets.woolworths.com.au/images/1005/85139.jpg?impolicy=wowsmkqiema&w=260&h=260,$7.50,$1.32 / 100G,,, Add to cart , Save to list 
Lavazza Crema E Gusto Nespresso Compatible Coffee Pods 30 Pack,https://www.woolworths.com.au/shop/productdetails/220958/lavazza-crema-e-gusto-nespresso-compatible-coffee-pods,https://assets.woolworths.com.au/images/1005/220958.jpg?impolicy=wowsmkqiema&w=260&h=260,$17.00,$0.57 / 1EA,,, Add to cart , Save to list 
Lion Pastry Mix 375g,https://www.woolworths.com.au/shop/productdetails/81921/lion-pastry-mix,https://assets.woolworths.com.au/images/1005/81921.jpg?impolicy=wowsmkqiema&w=260&h=260,$2.50,$0.67 / 100G,,, Add to cart , Save to list 
Woolworths Microwave Quick Pasta Macaroni 300g,https://www.woolworths.com.au/shop/productdetails/73878/woolworths-microwave-quick-pasta-macaroni,https://assets.woolworths.com.au/images/1005/73878.jpg?impolicy=wowsmkqiema&w=260&h=260,$2.50,$0.83 / 100G,2.9,752, Add to cart , Save to list 
Capilano Aussie Coastal Honey Upside Down 340g,https://www.woolworths.com.au/shop/productdetails/237564/capilano-aussie-coastal-honey-upside-down,https://assets.woolworths.com.au/images/1005/237564.jpg?impolicy=wowsmkqiema&w=260&h=260,$6.00,$1.76 / 100G,,, Add to cart , Save to list 
Cobram Estate Lemongrass & Ginger Extra Virgin Olive Oil 250ml,https://www.woolworths.com.au/shop/productdetails/242323/cobram-estate-lemongrass-ginger-extra-virgin-olive-oil,https://assets.woolworths.com.au/images/1005/242323.jpg?impolicy=wowsmkqiema&w=260&h=260,$6.90,$2.76 / 100ML,,, Add to cart , Save to list 
Essential Hemp Organic Hemp Seeds Hulled 1kg,https://www.woolworths.com.au/shop/productdetails/1074031777/essential-hemp-organic-hemp-seeds-hulled-1kg,https://assets.woolworths.com.au/images/1005/1074031777.jpg?impolicy=wowsmkqiema&w=260&h=260,$38.76,$0.97 / 100G,,, Add to cart , Save to list 
Fry's Chocolate Cream 49g,https://www.woolworths.com.au/shop/productdetails/326182/frys-chocolate-cream,https://assets.woolworths.com.au/images/1005/326182.jpg?impolicy=wowsmkqiema&w=260&h=260,$2.60,$5.31 / 100G,,, Add to cart , Save to list 
Kialla Pure Organics Overnight Oats Cacao 300g,https://www.woolworths.com.au/shop/productdetails/204788/kialla-pure-organics-overnight-oats-cacao,https://assets.woolworths.com.au/images/1005/204788.jpg?impolicy=wowsmkqiema&w=260&h=260,$6.00,$2.00 / 100G,,, Add to cart , Save to list 
La Costena Jalapeno Nacho Slices 210g,https://www.woolworths.com.au/shop/productdetails/155088/la-costena-jalapeno-nacho-slices,https://assets.woolworths.com.au/images/1005/155088.jpg?impolicy=wowsmkqiema&w=260&h=260,$4.80,$2.29 / 100G,,, Add to cart , Save to list 
Lao Gan Ma Chilli Sauce Chicken 210g,https://www.woolworths.com.au/shop/productdetails/67551/lao-gan-ma-chilli-sauce-chicken,https://assets.woolworths.com.au/images/1005/67551.jpg?impolicy=wowsmkqiema&w=260&h=260,$4.00,$1.90 / 100G,,, Add to cart , Save to list 
Lee Kum Kee XO Sauce 220g,https://www.woolworths.com.au/shop/productdetails/1073962766/lee-kum-kee-xo-sauce-220g,https://assets.woolworths.com.au/images/1005/1073962766.jpg?impolicy=wowsmkqiema&w=260&h=260,$39.99,$18.18 / 100G,,, Add to cart , Save to list 
Macro Organic Brazilnuts 250g Carton 6pk,https://www.woolworths.com.au/shop/productdetails/1073920092/macro-organic-brazilnuts-250g-carton-6pk,https://assets.woolworths.com.au/images/1005/1073920092.jpg?impolicy=wowsmkqiema&w=260&h=260,$66.00,$44.00 / 1KG,,, Add to cart , Save to list 
Maldon Sea Salt Flakes 1.4kg,https://www.woolworths.com.au/shop/productdetails/1074032838/maldon-sea-salt-flakes-1-4kg,https://assets.woolworths.com.au/images/1005/1074032838.jpg?impolicy=wowsmkqiema&w=260&h=260,$54.59,$0.39 / 10G,,, Add to cart , Save to list 
Quarterpast Iced Coffee Beverage Concentrate Original 360ml,https://www.woolworths.com.au/shop/productdetails/222757/quarterpast-iced-coffee-beverage-concentrate-original,https://assets.woolworths.com.au/images/1005/222757.jpg?impolicy=wowsmkqiema&w=260&h=260,,,,,, Save to list 
Truvia for Baking Caster Sweetener 360g,https://www.woolworths.com.au/shop/productdetails/1073910813/truvia-for-baking-caster-sweetener-360g,https://assets.woolworths.com.au/images/1005/1073910813.jpg?impolicy=wowsmkqiema&w=260&h=260,$7.00,$14.00 / 100ML,,, Add to cart , Save to list 
Carman's Porridge Sachets Blueberry Crumble 6 Pack,https://www.woolworths.com.au/shop/productdetails/270900/carman-s-porridge-sachets-blueberry-crumble,https://assets.woolworths.com.au/images/1005/270900.jpg?impolicy=wowsmkqiema&w=260&h=260,$6.50,$2.71 / 100G,,, Add to cart , Save to list 
Ceres Organic Sliced Beetroot No Added Sugar 330g,https://www.woolworths.com.au/shop/productdetails/219990/ceres-organic-sliced-beetroot-no-added-sugar,https://assets.woolworths.com.au/images/1005/219990.jpg?impolicy=wowsmkqiema&w=260&h=260,$5.00,$1.52 / 100G,,, Add to cart , Save to list 
Chefs Choice Organic Split Green Peas 500g,https://www.woolworths.com.au/shop/productdetails/215503/chefs-choice-organic-split-green-peas,https://assets.woolworths.com.au/images/1005/215503.jpg?impolicy=wowsmkqiema&w=260&h=260,$4.00,$0.80 / 100G,,, Add to cart , Save to list 
Fodmapped Minestrone Soup 500g,https://www.woolworths.com.au/shop/productdetails/224385/fodmapped-minestrone-soup,https://assets.woolworths.com.au/images/1005/224385.jpg?impolicy=wowsmkqiema&w=260&h=260,$8.90,$1.78 / 100G,,, Add to cart , Save to list 
Hostess Twinkies Pack 2x 10pc 385g,https://www.woolworths.com.au/shop/productdetails/1073908323/hostess-twinkies-pack-2x-10pc-385g,https://assets.woolworths.com.au/images/1005/1073908323.jpg?impolicy=wowsmkqiema&w=260&h=260,$27.20,$1.36 / 1EA,,, Add to cart , Save to list 
Katoomba Canelini Beans Dry 1kg,https://www.woolworths.com.au/shop/productdetails/82844/katoomba-canelini-beans-dry,https://assets.woolworths.com.au/images/1005/82844.jpg?impolicy=wowsmkqiema&w=260&h=260,$5.50,$0.55 / 100G,,, Add to cart , Save to list 
Mtr Ready To Eat Dal Fry 300g,https://www.woolworths.com.au/shop/productdetails/752585/mtr-ready-to-eat-dal-fry,https://assets.woolworths.com.au/images/1005/752585.jpg?impolicy=wowsmkqiema&w=260&h=260,$3.00,$1.00 / 100G,,, Add to cart , Save to list 
Moccona Freeze Dried Instant Coffee Indulgence 100g,https://www.woolworths.com.au/shop/productdetails/71481/moccona-freeze-dried-instant-coffee-indulgence,https://assets.woolworths.com.au/images/1005/71481.jpg?impolicy=wowsmkqiema&w=260&h=260,$12.50,$12.50 / 100G,,, Add to cart , Save to list 
Niulife Organic Naked Coconut Amino Sauce Extra Thick 250ml,https://www.woolworths.com.au/shop/productdetails/223751/niulife-organic-naked-coconut-amino-sauce-extra-thick,https://assets.woolworths.com.au/images/1005/223751.jpg?impolicy=wowsmkqiema&w=260&h=260,$8.50,$3.40 / 100ML,,, Add to cart , Save to list 
Ottogi Noodles Jin Ramen Spicy 5pk 120g X5 Pack,https://www.woolworths.com.au/shop/productdetails/122658/ottogi-noodles-jin-ramen-spicy-5pk,https://assets.woolworths.com.au/images/1005/122658.jpg?impolicy=wowsmkqiema&w=260&h=260,$5.60,$0.93 / 100G,,, Add to cart , Save to list 
Pukka Herbs Lemon Ginger & Manuka Honey Tea 2x20packs,https://www.woolworths.com.au/shop/productdetails/1073959979/pukka-herbs-lemon-ginger-manuka-honey-tea-2x20packs,https://assets.woolworths.com.au/images/1005/1073959979.jpg?impolicy=wowsmkqiema&w=260&h=260,$17.50,$0.44 / 1EA,,, Add to cart , Save to list 
Six Fortune Somen Tomoshiraga 400g,https://www.woolworths.com.au/shop/productdetails/847924/six-fortune-somen-tomoshiraga,https://assets.woolworths.com.au/images/1005/847924.jpg?impolicy=wowsmkqiema&w=260&h=260,$2.60,$0.65 / 100G,,, Add to cart , Save to list 
Tabasco Smoked Chipotle Pepper Sauce 150ml,https://www.woolworths.com.au/shop/productdetails/1074051019/tabasco-smoked-chipotle-pepper-sauce-150ml,https://assets.woolworths.com.au/images/1005/1074051019.jpg?impolicy=wowsmkqiema&w=260&h=260,$17.85,$11.90 / 100ML,,, Add to cart , Save to list 
Beidahuang Wuchang Rice Purple Pack 5kg,https://www.woolworths.com.au/shop/productdetails/1073962762/beidahuang-wuchang-rice-purple-pack-5kg,https://assets.woolworths.com.au/images/1005/1073962762.jpg?impolicy=wowsmkqiema&w=260&h=260,$49.99,$1.00 / 100G,,, Add to cart , Save to list 
Gourmet Selection Chocolate Nuts & Cracker Snack Gift Valentine's Day Hamper,https://www.woolworths.com.au/shop/productdetails/1073811795/gourmet-selection-chocolate-nuts-cracker-snack-gift-valentine-s-day-hamper,https://assets.woolworths.com.au/images/1005/1073811795.jpg?impolicy=wowsmkqiema&w=260&h=260,$119.95,,,, Add to cart , Save to list 
Grinders Compostable Coffee Capsules Espresso 10 Pack,https://www.woolworths.com.au/shop/productdetails/178363/grinders-compostable-coffee-capsules-espresso,https://assets.woolworths.com.au/images/1005/178363.jpg?impolicy=wowsmkqiema&w=260&h=260,$6.40,$0.64 / 1EA,,, Add to cart , Save to list 
Lik Maid Fun Dip Sour Candy Strawberry/Watermelon/Mystery Dip 24pc,https://www.woolworths.com.au/shop/productdetails/1074051285/lik-maid-fun-dip-sour-candy-strawberry-watermelon-mystery-dip-24pc,https://assets.woolworths.com.au/images/1005/1074051285.jpg?impolicy=wowsmkqiema&w=260&h=260,$67.00,$67.00 / 1EA,,, Add to cart , Save to list 
Masterfoods Garlic Granules 45g,https://www.woolworths.com.au/shop/productdetails/260587/masterfoods-garlic-granules,https://assets.woolworths.com.au/images/1005/260587.jpg?impolicy=wowsmkqiema&w=260&h=260,$3.15,$0.70 / 10G,,, Add to cart , Save to list 
Praise Goodness Mayo Whole Egg With Chilli 250ml,https://www.woolworths.com.au/shop/productdetails/233817/praise-goodness-mayo-whole-egg-with-chilli,https://assets.woolworths.com.au/images/1005/233817.jpg?impolicy=wowsmkqiema&w=260&h=260,$4.00,$1.60 / 100ML,,, Add to cart , Save to list 
Queen Strawberry Flavoured Crunch 40g,https://www.woolworths.com.au/shop/productdetails/211752/queen-strawberry-flavoured-crunch,https://assets.woolworths.com.au/images/1005/211752.jpg?impolicy=wowsmkqiema&w=260&h=260,$3.00,$7.50 / 100G,,, Add to cart , Save to list 
Royal Family Custard Mochi Raspberry 168g,https://www.woolworths.com.au/shop/productdetails/120125/royal-family-custard-mochi-raspberry,https://assets.woolworths.com.au/images/1005/120125.jpg?impolicy=wowsmkqiema&w=260&h=260,$3.50,$2.08 / 100G,,, Add to cart , Save to list 
The Gourmet Specialists Classic Sticky Balsamic Vinegar 250ml,https://www.woolworths.com.au/shop/productdetails/169388/the-gourmet-specialists-classic-sticky-balsamic-vinegar,https://assets.woolworths.com.au/images/1005/169388.jpg?impolicy=wowsmkqiema&w=260&h=260,$9.00,$3.60 / 100ML,,, Add to cart , Save to list 
Benino Mild Ajvar Roasted Pepper Relish 490g,https://www.woolworths.com.au/shop/productdetails/194252/benino-mild-ajvar-roasted-pepper-relish,https://assets.woolworths.com.au/images/1005/194252.jpg?impolicy=wowsmkqiema&w=260&h=260,$9.00,$1.80 / 100G,,, Add to cart , Save to list 
Cobram Estate Garlic Infused Spray 225g,https://www.woolworths.com.au/shop/productdetails/262849/cobram-estate-garlic-infused-spray,https://assets.woolworths.com.au/images/1005/262849.jpg?impolicy=wowsmkqiema&w=260&h=260,$7.50,$3.33 / 100G,,, Add to cart , Save to list 
GODIVA Gourmet Belgian Chocolate Luxe Gift Box Bundle (2 Boxes),https://www.woolworths.com.au/shop/productdetails/1074001348/godiva-gourmet-belgian-chocolate-luxe-gift-box-bundle-2-boxes-,https://assets.woolworths.com.au/images/1005/1074001348.jpg?impolicy=wowsmkqiema&w=260&h=260,$148.00,,,, Add to cart , Save to list 
Hua Lian Zhong Shan Shi Noodle Dan Dan 900g,https://www.woolworths.com.au/shop/productdetails/848562/hua-lian-zhong-shan-shi-noodle-dan-dan,https://assets.woolworths.com.au/images/1005/848562.jpg?impolicy=wowsmkqiema&w=260&h=260,,,,,, Save to list 
Allen's Ripe Raspberries Lolly Bag 1.3kg,https://www.woolworths.com.au/shop/productdetails/1074025752/allen-s-ripe-raspberries-lolly-bag-1-3kg,https://assets.woolworths.com.au/images/1005/1074025752.jpg?impolicy=wowsmkqiema&w=260&h=260,$22.10,$1.70 / 100G,,, Add to cart , Save to list 
Allen's Strawberries & Cream Lolly Bag 1.3kg,https://www.woolworths.com.au/shop/productdetails/1074025753/allen-s-strawberries-cream-lolly-bag-1-3kg,https://assets.woolworths.com.au/images/1005/1074025753.jpg?impolicy=wowsmkqiema&w=260&h=260,$22.95,$1.77 / 100G,,, Add to cart , Save to list 
Artisanale Chocolate - Egg - Dragon - Red - Dark Chocolate 67%,https://www.woolworths.com.au/shop/productdetails/1074114341/artisanale-chocolate-egg-dragon-red-dark-chocolate-67-,https://assets.woolworths.com.au/images/1005/1074114341.jpg?impolicy=wowsmkqiema&w=260&h=260,$74.00,$12.33 / 100G,,, Add to cart , Save to list 
Artisanale Chocolate -Hamper - Sophisticates (All Dark),https://www.woolworths.com.au/shop/productdetails/1073945703/artisanale-chocolate-hamper-sophisticates-all-dark-,https://assets.woolworths.com.au/images/1005/1073945703.jpg?impolicy=wowsmkqiema&w=260&h=260,$88.00,,,, Add to cart , Save to list 
Essentials Essentials Mini Dark Choc Chips 250g,https://www.woolworths.com.au/shop/productdetails/38755/essentials-mini-dark-choc-chips,https://assets.woolworths.com.au/images/1005/38755.jpg?impolicy=wowsmkqiema&w=260&h=260,,,4.4,545,, Save to list 
Eti Tutku Biscuit Snack 180g,https://www.woolworths.com.au/shop/productdetails/777752/eti-tutku-biscuit-snack,https://assets.woolworths.com.au/images/1005/777752.jpg?impolicy=wowsmkqiema&w=260&h=260,$2.65,$1.47 / 100G,,, Add to cart , Save to list 
Green's Golden Gaytime Crumb Cake Mix 650g,https://www.woolworths.com.au/shop/productdetails/183982/green-s-golden-gaytime-crumb-cake-mix,https://assets.woolworths.com.au/images/1005/183982.jpg?impolicy=wowsmkqiema&w=260&h=260,$6.00,$0.92 / 100G,,, Add to cart , Save to list 
Haday Gold Standard Soy Sauce 1.75L X 2Pack,https://www.woolworths.com.au/shop/productdetails/1073962969/haday-gold-standard-soy-sauce-1-75l-x-2pack,https://assets.woolworths.com.au/images/1005/1073962969.jpg?impolicy=wowsmkqiema&w=260&h=260,$28.99,$0.83 / 100ML,,, Add to cart , Save to list 
Lavazza Espresso Barista Intenso Coffee Beans 500g,https://www.woolworths.com.au/shop/productdetails/220985/lavazza-espresso-barista-intenso-coffee-beans,https://assets.woolworths.com.au/images/1005/220985.jpg?impolicy=wowsmkqiema&w=260&h=260,$21.00,$4.20 / 100G,,, Add to cart , Save to list 
Macro Dried Mixed Fruit 400g,https://www.woolworths.com.au/shop/productdetails/89727/macro-dried-mixed-fruit,https://assets.woolworths.com.au/images/1005/89727.jpg?impolicy=wowsmkqiema&w=260&h=260,$5.00,$12.50 / 1KG,4.4,222, Add to cart , Save to list 
Maggi Air Fryer Salt And Pepper 40g,https://www.woolworths.com.au/shop/productdetails/257464/maggi-air-fryer-salt-and-pepper,https://assets.woolworths.com.au/images/1005/257464.jpg?impolicy=wowsmkqiema&w=260&h=260,$2.50,$0.63 / 10G,,, Add to cart , Save to list 
Old Town Coffee 3 In 1 Classic 570g,https://www.woolworths.com.au/shop/productdetails/807420/old-town-coffee-3-in-1-classic,https://assets.woolworths.com.au/images/1005/807420.jpg?impolicy=wowsmkqiema&w=260&h=260,$8.20,$1.44 / 100G,,, Add to cart , Save to list 
Royal Family Jasmine Rice 3kg,https://www.woolworths.com.au/shop/productdetails/1073962760/royal-family-jasmine-rice-3kg,https://assets.woolworths.com.au/images/1005/1073962760.jpg?impolicy=wowsmkqiema&w=260&h=260,$25.99,$0.87 / 100G,,, Add to cart , Save to list 
Samyang Hot Chicken Ramen Cheese Flavour 140g*5Bags X 4Pack,https://www.woolworths.com.au/shop/productdetails/1074114304/samyang-hot-chicken-ramen-cheese-flavour-140g-5bags-x-4pack,https://assets.woolworths.com.au/images/1005/1074114304.jpg?impolicy=wowsmkqiema&w=260&h=260,$43.99,$11.00 / 1EA,,, Add to cart , Save to list 
Bubbleme At Home Bubble Tea Kit Matcha Flavour 280g,https://www.woolworths.com.au/shop/productdetails/189524/bubbleme-at-home-bubble-tea-kit-matcha-flavour,https://assets.woolworths.com.au/images/1005/189524.jpg?impolicy=wowsmkqiema&w=260&h=260,$5.75,$2.05 / 100G,,, Add to cart , Save to list 
Always Fresh Mixed Grilled Peppers 290g,https://www.woolworths.com.au/shop/productdetails/98016/always-fresh-mixed-grilled-peppers,https://assets.woolworths.com.au/images/1005/98016.jpg?impolicy=wowsmkqiema&w=260&h=260,$5.00,$1.72 / 100G,,, Add to cart , Save to list 
Cadbury Milk Chocolate Covered Scorched Almonds Bag 120g 3PK,https://www.woolworths.com.au/shop/productdetails/1074050991/cadbury-milk-chocolate-covered-scorched-almonds-bag-120g-3pk,https://assets.woolworths.com.au/images/1005/1074050991.jpg?impolicy=wowsmkqiema&w=260&h=260,$17.85,$5.95 / 1EA,,, Add to cart , Save to list 
Carman's Cholesterol Lowering Porridge Sachets Creamy Vanilla 5 Pack,https://www.woolworths.com.au/shop/productdetails/271781/carman-s-cholesterol-lowering-porridge-sachets-creamy-vanilla,https://assets.woolworths.com.au/images/1005/271781.jpg?impolicy=wowsmkqiema&w=260&h=260,$6.50,$3.25 / 100G,,, Add to cart , Save to list 
Chacha Roasted Sunflower Seeds Coconut Flavor 228g X 4Pack,https://www.woolworths.com.au/shop/productdetails/1074027962/chacha-roasted-sunflower-seeds-coconut-flavor-228g-x-4pack,https://assets.woolworths.com.au/images/1005/1074027962.jpg?impolicy=wowsmkqiema&w=260&h=260,$19.99,$0.02 / 1G,,, Add to cart , Save to list 
Continental Sensations Spicy Malaysian Chicken Laksa With Noodles 62g,https://www.woolworths.com.au/shop/productdetails/263736/continental-sensations-spicy-malaysian-chicken-laksa-with-noodles,https://assets.woolworths.com.au/images/1005/263736.jpg?impolicy=wowsmkqiema&w=260&h=260,$3.50,$5.65 / 100G,,, Add to cart , Save to list 
Famous House Banana Milk 500ml,https://www.woolworths.com.au/shop/productdetails/827646/famous-house-banana-milk,https://assets.woolworths.com.au/images/1005/827646.jpg?impolicy=wowsmkqiema&w=260&h=260,$2.60,$0.52 / 100ML,,, Add to cart , Save to list 
Hart & Soul Potato & Leek With Miso Soup 400g,https://www.woolworths.com.au/shop/productdetails/267191/hart-soul-potato-leek-with-miso-soup,https://assets.woolworths.com.au/images/1005/267191.jpg?impolicy=wowsmkqiema&w=260&h=260,$4.50,$1.13 / 100G,,, Add to cart , Save to list 
Hello Panda Meiji Cookies n Cream Biscuits 45g - 10PK,https://www.woolworths.com.au/shop/productdetails/1073908201/hello-panda-meiji-cookies-n-cream-biscuits-45g-10pk,https://assets.woolworths.com.au/images/1005/1073908201.jpg?impolicy=wowsmkqiema&w=260&h=260,$23.80,$2.38 / 1EA,,, Add to cart , Save to list 
Macro Organic Tri Colour Quinoa 500g 6pk,https://www.woolworths.com.au/shop/productdetails/1073933352/macro-organic-tri-colour-quinoa-500g-6pk,https://assets.woolworths.com.au/images/1005/1073933352.jpg?impolicy=wowsmkqiema&w=260&h=260,$42.00,$1.40 / 100G,,, Add to cart , Save to list 
Oasis Ground Coffee Greek Style 200g,https://www.woolworths.com.au/shop/productdetails/29734/oasis-ground-coffee-greek-style,https://assets.woolworths.com.au/images/1005/29734.jpg?impolicy=wowsmkqiema&w=260&h=260,$5.70,$2.85 / 100G,,, Add to cart , Save to list 
Oki Coating Original Chicken 120g,https://www.woolworths.com.au/shop/productdetails/805416/oki-coating-original-chicken,https://assets.woolworths.com.au/images/1005/805416.jpg?impolicy=wowsmkqiema&w=260&h=260,$1.70,$1.42 / 100G,,, Add to cart , Save to list 
TNT Ka-Bluey Jumbo Showbag,https://www.woolworths.com.au/shop/productdetails/1073961041/tnt-ka-bluey-jumbo-showbag,https://assets.woolworths.com.au/images/1005/1073961041.jpg?impolicy=wowsmkqiema&w=260&h=260,$19.55,,,, Add to cart , Save to list 
Uncle Tobys Rolled Oats Delicious Blends Queensland Mango & Macadamia 320g,https://www.woolworths.com.au/shop/productdetails/275132/uncle-tobys-rolled-oats-delicious-blends-queensland-mango-macadamia,https://assets.woolworths.com.au/images/1005/275132.jpg?impolicy=wowsmkqiema&w=260&h=260,$6.50,$2.03 / 100G,,, Add to cart , Save to list 
Chacha Roasted Sunflower Seeds Five Spiced Flavor 228g X 4Pack,https://www.woolworths.com.au/shop/productdetails/1074028032/chacha-roasted-sunflower-seeds-five-spiced-flavor-228g-x-4pack,https://assets.woolworths.com.au/images/1005/1074028032.jpg?impolicy=wowsmkqiema&w=260&h=260,$19.99,$0.02 / 1G,,, Add to cart , Save to list 
"GODIVA Belgian Chocolate Easter Milk Chocolate Egg & Milk Eggs, 150g",https://www.woolworths.com.au/shop/productdetails/1074161092/godiva-belgian-chocolate-easter-milk-chocolate-egg-milk-eggs-150g,https://assets.woolworths.com.au/images/1005/1074161092.jpg?impolicy=wowsmkqiema&w=260&h=260,$16.90,$11.27 / 100G,,, Add to cart , Save to list 
Jelly Belly Ice Cream Mix Jelly Beans Candy 12pc 100g,https://www.woolworths.com.au/shop/productdetails/1074025799/jelly-belly-ice-cream-mix-jelly-beans-candy-12pc-100g,https://assets.woolworths.com.au/images/1005/1074025799.jpg?impolicy=wowsmkqiema&w=260&h=260,$54.40,$4.53 / 1EA,,, Add to cart , Save to list 
Lavazza Espresso Barista Perfetto Coffee Beans 500g,https://www.woolworths.com.au/shop/productdetails/221007/lavazza-espresso-barista-perfetto-coffee-beans,https://assets.woolworths.com.au/images/1005/221007.jpg?impolicy=wowsmkqiema&w=260&h=260,$21.00,$4.20 / 100G,4.0,1, Add to cart , Save to list 
Masterfoods Smokey Bacon No Rules Sauce 250ml,https://www.woolworths.com.au/shop/productdetails/238240/masterfoods-smokey-bacon-no-rules-sauce,https://assets.woolworths.com.au/images/1005/238240.jpg?impolicy=wowsmkqiema&w=260&h=260,$4.80,$1.92 / 100ML,,, Add to cart , Save to list 
Mentos Single Serve Pillowpack Spearmint Bulk Bag 540g 200pc,https://www.woolworths.com.au/shop/productdetails/1073908198/mentos-single-serve-pillowpack-spearmint-bulk-bag-540g-200pc,https://assets.woolworths.com.au/images/1005/1073908198.jpg?impolicy=wowsmkqiema&w=260&h=260,$18.70,$0.09 / 1EA,,, Add to cart , Save to list 
Mr Chen's Meal Kit Thai Basil Chilli Stir-fry With Rice 376g,https://www.woolworths.com.au/shop/productdetails/234427/mr-chen-s-meal-kit-thai-basil-chilli-stir-fry-with-rice,https://assets.woolworths.com.au/images/1005/234427.jpg?impolicy=wowsmkqiema&w=260&h=260,$7.00,$1.86 / 100G,,, Add to cart , Save to list 
Old Mule Dried Seafood XO Sauce 260g x 2Pack,https://www.woolworths.com.au/shop/productdetails/1073962768/old-mule-dried-seafood-xo-sauce-260g-x-2pack,https://assets.woolworths.com.au/images/1005/1073962768.jpg?impolicy=wowsmkqiema&w=260&h=260,$22.99,$4.42 / 100G,,, Add to cart , Save to list 
Paldo Tofu Kimchi Snack 60g,https://www.woolworths.com.au/shop/productdetails/236131/paldo-tofu-kimchi-snack,https://assets.woolworths.com.au/images/1005/236131.jpg?impolicy=wowsmkqiema&w=260&h=260,$3.50,$5.83 / 100G,,, Add to cart , Save to list 
Sacred Grounds Breezy Blend Coffee Capsules 10 Pack,https://www.woolworths.com.au/shop/productdetails/222876/sacred-grounds-breezy-blend-coffee-capsules,https://assets.woolworths.com.au/images/1005/222876.jpg?impolicy=wowsmkqiema&w=260&h=260,$8.50,$0.85 / 1EA,,, Add to cart , Save to list 
Arlingtons Thai Chilli Hommus Snack Pot 95g,https://www.woolworths.com.au/shop/productdetails/804277/arlingtons-thai-chilli-hommus-snack-pot,https://assets.woolworths.com.au/images/1005/804277.jpg?impolicy=wowsmkqiema&w=260&h=260,$3.00,$3.16 / 100G,,, Add to cart , Save to list 
Chocolate Works - Chocolate Couture Bars - Cookies and Cream - 6 Pack - 200 grams,https://www.woolworths.com.au/shop/productdetails/1074082991/chocolate-works-chocolate-couture-bars-cookies-and-cream-6-pack-200-grams,https://assets.woolworths.com.au/images/1005/1074082991.jpg?impolicy=wowsmkqiema&w=260&h=260,$72.00,$12.00 / 1EA,,, Add to cart , Save to list 
Coco Earth Authentic Chickpeas Curry With Garlic Naan 360g,https://www.woolworths.com.au/shop/productdetails/222614/coco-earth-authentic-chickpeas-curry-with-garlic-naan,https://assets.woolworths.com.au/images/1005/222614.jpg?impolicy=wowsmkqiema&w=260&h=260,$5.00,$1.39 / 100G,,, Add to cart , Save to list 
Eagle Coin Fried Dace Black Bean 184g,https://www.woolworths.com.au/shop/productdetails/663059/eagle-coin-fried-dace-black-bean,https://assets.woolworths.com.au/images/1005/663059.jpg?impolicy=wowsmkqiema&w=260&h=260,$4.20,$2.28 / 100G,,, Add to cart , Save to list 
Green's Golden Gaytime Mousse Mix 195g,https://www.woolworths.com.au/shop/productdetails/189303/green-s-golden-gaytime-mousse-mix,https://assets.woolworths.com.au/images/1005/189303.jpg?impolicy=wowsmkqiema&w=260&h=260,$6.00,$3.08 / 100G,,, Add to cart , Save to list 
Mayvers Peanut Butter Berry 280g,https://www.woolworths.com.au/shop/productdetails/236526/mayvers-peanut-butter-berry,https://assets.woolworths.com.au/images/1005/236526.jpg?impolicy=wowsmkqiema&w=260&h=260,$7.50,$2.68 / 100G,,, Add to cart , Save to list 
Mother's Recipe Mango Pickle Mild 500g,https://www.woolworths.com.au/shop/productdetails/421191/mother-s-recipe-mango-pickle-mild,https://assets.woolworths.com.au/images/1005/421191.jpg?impolicy=wowsmkqiema&w=260&h=260,$4.00,$0.80 / 100G,,, Add to cart , Save to list 
Nescafe Blend 43 Dark Roast Instant Coffee 8 Intensity 300g,https://www.woolworths.com.au/shop/productdetails/156727/nescafe-blend-43-dark-roast-instant-coffee-8-intensity,https://assets.woolworths.com.au/images/1005/156727.jpg?impolicy=wowsmkqiema&w=260&h=260,$17.40,$5.80 / 100G,,, Add to cart , Save to list 
Nestle Peppermint Crisp Large 50g,https://www.woolworths.com.au/shop/productdetails/265829/nestle-peppermint-crisp-large,https://assets.woolworths.com.au/images/1005/265829.jpg?impolicy=wowsmkqiema&w=260&h=260,$1.80,$3.67 / 100G,,, Add to cart , Save to list 
Protea Foods Meal South African 1kg,https://www.woolworths.com.au/shop/productdetails/724799/protea-foods-meal-south-african,https://assets.woolworths.com.au/images/1005/724799.jpg?impolicy=wowsmkqiema&w=260&h=260,$3.20,$0.32 / 100G,,, Add to cart , Save to list 
Tiparos Tiparos Fish Sauce 700ml,https://www.woolworths.com.au/shop/productdetails/364425/tiparos-fish-sauce,https://assets.woolworths.com.au/images/1005/364425.jpg?impolicy=wowsmkqiema&w=260&h=260,$2.70,$0.39 / 100ML,,, Add to cart , Save to list 
Tastebuds Chips & Toblerone Chocolate Bar Goodie Box,https://www.woolworths.com.au/shop/productdetails/1074023540/tastebuds-chips-toblerone-chocolate-bar-goodie-box,https://assets.woolworths.com.au/images/1005/1074023540.jpg?impolicy=wowsmkqiema&w=260&h=260,$59.00,,,, Add to cart , Save to list 
Truffle Hunter Black & White Truffle Oil Set 2 x 100ml,https://www.woolworths.com.au/shop/productdetails/1073961483/truffle-hunter-black-white-truffle-oil-set-2-x-100ml,https://assets.woolworths.com.au/images/1005/1073961483.jpg?impolicy=wowsmkqiema&w=260&h=260,$34.95,$34.95 / 1EA,,, Add to cart , Save to list 
Bare Bones Pork Gravy With Maple Syrup 200g,https://www.woolworths.com.au/shop/productdetails/213883/bare-bones-pork-gravy-with-maple-syrup,https://assets.woolworths.com.au/images/1005/213883.jpg?impolicy=wowsmkqiema&w=260&h=260,$7.00,$3.50 / 100G,,, Add to cart , Save to list 
Daim Bar 28g,https://www.woolworths.com.au/shop/productdetails/363746/daim-bar,https://assets.woolworths.com.au/images/1005/363746.jpg?impolicy=wowsmkqiema&w=260&h=260,$2.75,$9.82 / 100G,,, Add to cart , Save to list 
El Cielo Totopos White Corn Tortilla Chips 250g,https://www.woolworths.com.au/shop/productdetails/202445/el-cielo-totopos-white-corn-tortilla-chips,https://assets.woolworths.com.au/images/1005/202445.jpg?impolicy=wowsmkqiema&w=260&h=260,$9.00,$3.60 / 100G,,, Add to cart , Save to list 
Goulburn Valley Orchard Splash Peaches In Passionfruit Infused Water 160g X2 Pack,https://www.woolworths.com.au/shop/productdetails/168889/goulburn-valley-orchard-splash-peaches-in-passionfruit-infused-water,https://assets.woolworths.com.au/images/1005/168889.jpg?impolicy=wowsmkqiema&w=260&h=260,$4.50,$14.06 / 1KG,,, Add to cart , Save to list 
La Costena Chipotle Hot Sauce 140g,https://www.woolworths.com.au/shop/productdetails/155085/la-costena-chipotle-hot-sauce,https://assets.woolworths.com.au/images/1005/155085.jpg?impolicy=wowsmkqiema&w=260&h=260,$4.50,$3.21 / 100G,,, Add to cart , Save to list 
Low Carb Life Lemonlicious Slice Keto Bake Mix 300g,https://www.woolworths.com.au/shop/productdetails/1073890457/low-carb-life-lemonlicious-slice-keto-bake-mix-300g,https://assets.woolworths.com.au/images/1005/1073890457.jpg?impolicy=wowsmkqiema&w=260&h=260,$15.45,$15.45 / 1EA,,, Add to cart , Save to list 
Nong Shim An Sung Tung Myun 5 Pack,https://www.woolworths.com.au/shop/productdetails/794606/nong-shim-an-sung-tung-myun,https://assets.woolworths.com.au/images/1005/794606.jpg?impolicy=wowsmkqiema&w=260&h=260,$6.40,$1.07 / 100G,,, Add to cart , Save to list 
Podravka Beef Luncheon Meat 150g,https://www.woolworths.com.au/shop/productdetails/151101/podravka-beef-luncheon-meat,https://assets.woolworths.com.au/images/1005/151101.jpg?impolicy=wowsmkqiema&w=260&h=260,$4.60,$3.07 / 100G,,, Add to cart , Save to list 
Protea Foods Biltong Slices Peri Peri 100g,https://www.woolworths.com.au/shop/productdetails/720579/protea-foods-biltong-slices-peri-peri,https://assets.woolworths.com.au/images/1005/720579.jpg?impolicy=wowsmkqiema&w=260&h=260,$12.00,$12.00 / 100G,,, Add to cart , Save to list 
Puck Cream Cheese 500g,https://www.woolworths.com.au/shop/productdetails/816023/puck-cream-cheese,https://assets.woolworths.com.au/images/1005/816023.jpg?impolicy=wowsmkqiema&w=260&h=260,$11.00,$2.20 / 100G,,, Add to cart , Save to list 
The Rice Company One Pot Rice With Lentils & Quinoa 200g,https://www.woolworths.com.au/shop/productdetails/222433/trc-the-rice-company-one-pot-rice-with-lentils-quinoa,https://assets.woolworths.com.au/images/1005/222433.jpg?impolicy=wowsmkqiema&w=260&h=260,$4.00,$2.00 / 100G,,, Add to cart , Save to list 
Want Want Ice Cream Bars Milk Flavour 500g,https://www.woolworths.com.au/shop/productdetails/121315/want-want-ice-cream-bars-milk-flavour,https://assets.woolworths.com.au/images/1005/121315.jpg?impolicy=wowsmkqiema&w=260&h=260,,,,,, Save to list 
Boulder Canyon Avocado Oil Classic Sea Salt 149g 2pack,https://www.woolworths.com.au/shop/productdetails/1073944521/boulder-canyon-avocado-oil-classic-sea-salt-149g-2pack,https://assets.woolworths.com.au/images/1005/1073944521.jpg?impolicy=wowsmkqiema&w=260&h=260,$17.00,$5.70 / 100G,,, Add to cart , Save to list 
Chef's Choice Organic Pearl Barley 500g,https://www.woolworths.com.au/shop/productdetails/812123/chef-s-choice-organic-pearl-barley,https://assets.woolworths.com.au/images/1005/812123.jpg?impolicy=wowsmkqiema&w=260&h=260,$4.00,$0.80 / 100G,,, Add to cart , Save to list 
El Cielo Totopos Blue Corn Tortilla Chips 250g,https://www.woolworths.com.au/shop/productdetails/201371/el-cielo-totopos-blue-corn-tortilla-chips,https://assets.woolworths.com.au/images/1005/201371.jpg?impolicy=wowsmkqiema&w=260&h=260,$9.00,$3.60 / 100G,,, Add to cart , Save to list 
Filippo Berio Classic Pesto 190g,https://www.woolworths.com.au/shop/productdetails/155244/filippo-berio-classic-pesto,https://assets.woolworths.com.au/images/1005/155244.jpg?impolicy=wowsmkqiema&w=260&h=260,$4.00,$2.11 / 100G,,, Add to cart , Save to list 
Glico Pocky Stick Cookies n Cream Biscuits 40g 10PK,https://www.woolworths.com.au/shop/productdetails/1073908304/glico-pocky-stick-cookies-n-cream-biscuits-40g-10pk,https://assets.woolworths.com.au/images/1005/1073908304.jpg?impolicy=wowsmkqiema&w=260&h=260,$22.95,$2.30 / 1EA,,, Add to cart , Save to list 
Green's Golden Gaytime Brookie Mix 525g,https://www.woolworths.com.au/shop/productdetails/185003/green-s-golden-gaytime-brookie-mix,https://assets.woolworths.com.au/images/1005/185003.jpg?impolicy=wowsmkqiema&w=260&h=260,$6.00,$1.14 / 100G,,, Add to cart , Save to list 
Hbaf Honey Butter Almonds 130g,https://www.woolworths.com.au/shop/productdetails/167594/hbaf-honey-butter-almonds,https://assets.woolworths.com.au/images/1005/167594.jpg?impolicy=wowsmkqiema&w=260&h=260,$5.40,$4.15 / 100G,,, Add to cart , Save to list 
Jelly Belly BeanBoozled Box 100g,https://www.woolworths.com.au/shop/productdetails/1073910561/jelly-belly-beanboozled-box-100g,https://assets.woolworths.com.au/images/1005/1073910561.jpg?impolicy=wowsmkqiema&w=260&h=260,$10.00,$10.00 / 100G,,, Add to cart , Save to list 
Kialla Organic Stoneground Wholegrain Plain Flour 450g,https://www.woolworths.com.au/shop/productdetails/203811/kialla-pure-kialla-organic-stoneground-wholegrain-plain-flour,https://assets.woolworths.com.au/images/1005/203811.jpg?impolicy=wowsmkqiema&w=260&h=260,$5.00,$11.11 / 1KG,,, Add to cart , Save to list 
"Mentos Pure Fresh Chewing Gum, Sour Apple 30g",https://www.woolworths.com.au/shop/productdetails/1074165743/mentos-pure-fresh-chewing-gum-sour-apple-30g,https://assets.woolworths.com.au/images/1005/1074165743.jpg?impolicy=wowsmkqiema&w=260&h=260,$30.00,$2.50 / 100G,,, Add to cart , Save to list 
Planet Organic Turmeric 25 Tea Bags x 2pack,https://www.woolworths.com.au/shop/productdetails/1073945892/planet-organic-turmeric-25-tea-bags-x-2pack,https://assets.woolworths.com.au/images/1005/1073945892.jpg?impolicy=wowsmkqiema&w=260&h=260,$8.96,$17.92 / 100EA,,, Add to cart , Save to list 
Sour Patch Kids Superbag Showbag,https://www.woolworths.com.au/shop/productdetails/1073962377/sour-patch-kids-superbag-showbag,https://assets.woolworths.com.au/images/1005/1073962377.jpg?impolicy=wowsmkqiema&w=260&h=260,$27.20,,,, Add to cart , Save to list 
The Rice Company Super Grain Black Rice 500g,https://www.woolworths.com.au/shop/productdetails/220941/trc-the-rice-company-super-grain-black-rice,https://assets.woolworths.com.au/images/1005/220941.jpg?impolicy=wowsmkqiema&w=260&h=260,$6.00,$1.20 / 100G,,, Add to cart , Save to list 
Beacon Fizzer Showbag 2020 - 27pc,https://www.woolworths.com.au/shop/productdetails/1073908310/beacon-fizzer-showbag-2020-27pc,https://assets.woolworths.com.au/images/1005/1073908310.jpg?impolicy=wowsmkqiema&w=260&h=260,$15.30,$15.30 / 1EA,,, Add to cart , Save to list 
Buddha Teas Turmeric Ginger Tea 18serve,https://www.woolworths.com.au/shop/productdetails/1073779531/buddha-teas-turmeric-ginger-tea-18serve,https://assets.woolworths.com.au/images/1005/1073779531.jpg?impolicy=wowsmkqiema&w=260&h=260,$10.00,$0.56 / 1EA,,, Add to cart , Save to list 
Cadbury Twirl Showbag,https://www.woolworths.com.au/shop/productdetails/1073961051/cadbury-twirl-showbag,https://assets.woolworths.com.au/images/1005/1073961051.jpg?impolicy=wowsmkqiema&w=260&h=260,$14.45,,,, Add to cart , Save to list 
Donna Hay Tangy Lemon Yoghurt Cake 500g,https://www.woolworths.com.au/shop/productdetails/143976/donna-hay-tangy-lemon-yoghurt-cake,https://assets.woolworths.com.au/images/1005/143976.jpg?impolicy=wowsmkqiema&w=260&h=260,$7.00,$1.27 / 100G,,, Add to cart , Save to list 
"GODIVA Gourmet Chocolate Grand Place Gift Box, 59 Pieces | 1.2kg",https://www.woolworths.com.au/shop/productdetails/1074001320/godiva-gourmet-chocolate-grand-place-gift-box-59-pieces-1-2kg,https://assets.woolworths.com.au/images/1005/1074001320.jpg?impolicy=wowsmkqiema&w=260&h=260,$198.00,,,, Add to cart , Save to list 
Gefen Chunk Light Tuna In Water 170g x 5,https://www.woolworths.com.au/shop/productdetails/1074032638/gefen-chunk-light-tuna-in-water-170g-x-5,https://assets.woolworths.com.au/images/1005/1074032638.jpg?impolicy=wowsmkqiema&w=260&h=260,$25.88,$5.18 / 1EA,,, Add to cart , Save to list 
Goulburn Valley Orchard Splash Peaches & Pineapple In Infused Water 160g X2 Pack,https://www.woolworths.com.au/shop/productdetails/168888/goulburn-valley-orchard-splash-peaches-pineapple-in-infused-water,https://assets.woolworths.com.au/images/1005/168888.jpg?impolicy=wowsmkqiema&w=260&h=260,$4.50,$14.06 / 1KG,,, Add to cart , Save to list 
Hart & Soul Creamy Pumkin & Cashew Soup 400g,https://www.woolworths.com.au/shop/productdetails/271796/hart-soul-creamy-pumkin-cashew-soup,https://assets.woolworths.com.au/images/1005/271796.jpg?impolicy=wowsmkqiema&w=260&h=260,$4.50,$1.13 / 100G,,, Add to cart , Save to list 
Mtr Poha Breakfast In A Cup 80g,https://www.woolworths.com.au/shop/productdetails/573132/mtr-poha-breakfast-in-a-cup,https://assets.woolworths.com.au/images/1005/573132.jpg?impolicy=wowsmkqiema&w=260&h=260,$2.70,$3.38 / 100G,,, Add to cart , Save to list 
Mayvers Peanut Butter Manuka Honey 280g,https://www.woolworths.com.au/shop/productdetails/235600/mayvers-peanut-butter-manuka-honey,https://assets.woolworths.com.au/images/1005/235600.jpg?impolicy=wowsmkqiema&w=260&h=260,$7.50,$2.68 / 100G,,, Add to cart , Save to list 
Pukka Herbs Supreme Matcha Green Tea Bags 2x20packs,https://www.woolworths.com.au/shop/productdetails/1073959588/pukka-herbs-supreme-matcha-green-tea-bags-2x20packs,https://assets.woolworths.com.au/images/1005/1073959588.jpg?impolicy=wowsmkqiema&w=260&h=260,$17.50,$0.44 / 1EA,,, Add to cart , Save to list 
Queen Sour Flakes 40g,https://www.woolworths.com.au/shop/productdetails/211626/queen-sour-flakes,https://assets.woolworths.com.au/images/1005/211626.jpg?impolicy=wowsmkqiema&w=260&h=260,$2.50,$6.25 / 100G,,, Add to cart , Save to list 
Wonka Nerds 141g Theatre Box Rainbow 2pk,https://www.woolworths.com.au/shop/productdetails/1074050981/wonka-nerds-141g-theatre-box-rainbow-2pk,https://assets.woolworths.com.au/images/1005/1074050981.jpg?impolicy=wowsmkqiema&w=260&h=260,$13.60,$6.80 / 1EA,,, Add to cart , Save to list 
Zappo Giant Zappomungus Showbag,https://www.woolworths.com.au/shop/productdetails/1073961039/zappo-giant-zappomungus-showbag,https://assets.woolworths.com.au/images/1005/1073961039.jpg?impolicy=wowsmkqiema&w=260&h=260,$20.40,,,, Add to cart , Save to list 
9cha Milk Tea Original 500ml,https://www.woolworths.com.au/shop/productdetails/230881/9cha-milk-tea-original,https://assets.woolworths.com.au/images/1005/230881.jpg?impolicy=wowsmkqiema&w=260&h=260,$3.00,$0.60 / 100ML,,, Add to cart , Save to list 
Achva Tahini 500g x 3,https://www.woolworths.com.au/shop/productdetails/1074032746/achva-tahini-500g-x-3,https://assets.woolworths.com.au/images/1005/1074032746.jpg?impolicy=wowsmkqiema&w=260&h=260,$38.99,$13.00 / 1EA,,, Add to cart , Save to list 
Cadbury 168g Dairy Milk Chocolate Twirl Sharepack 3x12pc,https://www.woolworths.com.au/shop/productdetails/1074051102/cadbury-168g-dairy-milk-chocolate-twirl-sharepack-3x12pc,https://assets.woolworths.com.au/images/1005/1074051102.jpg?impolicy=wowsmkqiema&w=260&h=260,$22.10,$7.37 / 1EA,,, Add to cart , Save to list 
Cadbury Superbag Showbag - 19pc,https://www.woolworths.com.au/shop/productdetails/1073908242/cadbury-superbag-showbag-19pc,https://assets.woolworths.com.au/images/1005/1073908242.jpg?impolicy=wowsmkqiema&w=260&h=260,$19.55,$19.55 / 1EA,,, Add to cart , Save to list 
Filippo Berio Tomato & Ricotta Pesto 190g,https://www.woolworths.com.au/shop/productdetails/155263/filippo-berio-tomato-ricotta-pesto,https://assets.woolworths.com.au/images/1005/155263.jpg?impolicy=wowsmkqiema&w=260&h=260,$4.00,$2.11 / 100G,,, Add to cart , Save to list 
Glico Pocky Stick Strawberry Biscuits 45g 10PK,https://www.woolworths.com.au/shop/productdetails/1073908298/glico-pocky-stick-strawberry-biscuits-45g-10pk,https://assets.woolworths.com.au/images/1005/1073908298.jpg?impolicy=wowsmkqiema&w=260&h=260,$22.95,$2.30 / 1EA,,, Add to cart , Save to list 
Green Leaf Lemon Juice Substitute 1l,https://www.woolworths.com.au/shop/productdetails/815766/green-leaf-lemon-juice-substitute,https://assets.woolworths.com.au/images/1005/815766.jpg?impolicy=wowsmkqiema&w=260&h=260,$2.60,$0.26 / 100ML,,, Add to cart , Save to list 
Green's Premium Banoffee Pudding 260g,https://www.woolworths.com.au/shop/productdetails/60721/green-s-premium-banoffee-pudding,https://assets.woolworths.com.au/images/1005/60721.jpg?impolicy=wowsmkqiema&w=260&h=260,$5.00,$1.92 / 100G,,, Add to cart , Save to list 
Katoomba Chickpeas 1kg,https://www.woolworths.com.au/shop/productdetails/754002/katoomba-chickpeas,https://assets.woolworths.com.au/images/1005/754002.jpg?impolicy=wowsmkqiema&w=260&h=260,$3.50,$0.35 / 100G,,, Add to cart , Save to list 
Lotus Agar Agar 75g,https://www.woolworths.com.au/shop/productdetails/1073836829/lotus-agar-agar-75g,https://assets.woolworths.com.au/images/1005/1073836829.jpg?impolicy=wowsmkqiema&w=260&h=260,$21.09,$21.09 / 1EA,,, Add to cart , Save to list 
Moccona Barista Reserve Blonde Roast Instant Coffee 95g,https://www.woolworths.com.au/shop/productdetails/159158/moccona-barista-reserve-blonde-roast-instant-coffee,https://assets.woolworths.com.au/images/1005/159158.jpg?impolicy=wowsmkqiema&w=260&h=260,$11.50,$12.11 / 100G,,, Add to cart , Save to list 
Plenty Cold Pressed Walnut Oil 375ml,https://www.woolworths.com.au/shop/productdetails/137844/plenty-cold-pressed-walnut-oil,https://assets.woolworths.com.au/images/1005/137844.jpg?impolicy=wowsmkqiema&w=260&h=260,$9.00,$2.40 / 100ML,,, Add to cart , Save to list 
Pure Delish Macadamia & Vanilla Nut Crunch 375g,https://www.woolworths.com.au/shop/productdetails/208053/tasti-pure-delish-macadamia-vanilla-nut-crunch,https://assets.woolworths.com.au/images/1005/208053.jpg?impolicy=wowsmkqiema&w=260&h=260,$16.00,$4.27 / 100G,,, Add to cart , Save to list 
The Monday Food Co Keto Granola Sweet Crunchy Macadamia Clusters 300g,https://www.woolworths.com.au/shop/productdetails/1073837571/the-monday-food-co-keto-granola-sweet-crunchy-macadamia-clusters-300g,https://assets.woolworths.com.au/images/1005/1073837571.jpg?impolicy=wowsmkqiema&w=260&h=260,$16.95,$16.95 / 1EA,,, Add to cart , Save to list 
Wonka Nerds Theatre Box - Grape & Strawberry 141g 2PK,https://www.woolworths.com.au/shop/productdetails/1073908266/wonka-nerds-theatre-box-grape-strawberry-141g-2pk,https://assets.woolworths.com.au/images/1005/1073908266.jpg?impolicy=wowsmkqiema&w=260&h=260,$14.45,$7.23 / 1EA,,, Add to cart , Save to list 
Big White Rabbit Milk Candy Original Flavor 180g X 3Pack,https://www.woolworths.com.au/shop/productdetails/1074027203/big-white-rabbit-milk-candy-original-flavor-180g-x-3pack,https://assets.woolworths.com.au/images/1005/1074027203.jpg?impolicy=wowsmkqiema&w=260&h=260,$16.19,$3.00 / 100G,,, Add to cart , Save to list 
Cadbury Furry Friends Showbag,https://www.woolworths.com.au/shop/productdetails/1073961048/cadbury-furry-friends-showbag,https://assets.woolworths.com.au/images/1005/1073961048.jpg?impolicy=wowsmkqiema&w=260&h=260,$14.45,,,, Add to cart , Save to list 
Coco Earth Chicken Biryani With Chicken Chunks 300g,https://www.woolworths.com.au/shop/productdetails/222638/coco-earth-chicken-biryani-with-chicken-chunks,https://assets.woolworths.com.au/images/1005/222638.jpg?impolicy=wowsmkqiema&w=260&h=260,$6.00,$2.00 / 100G,,, Add to cart , Save to list 
Dubble Bubble Cry Baby Jar Nitro Sours Bubble Gum Jar 1.48kg 200pc,https://www.woolworths.com.au/shop/productdetails/1073908292/dubble-bubble-cry-baby-jar-nitro-sours-bubble-gum-jar-1-48kg-200pc,https://assets.woolworths.com.au/images/1005/1073908292.jpg?impolicy=wowsmkqiema&w=260&h=260,$37.40,$0.19 / 1EA,,, Add to cart , Save to list 
Fehlbergs Martini Flavoured Olives 230g,https://www.woolworths.com.au/shop/productdetails/236809/fehlbergs-martini-flavoured-olives,https://assets.woolworths.com.au/images/1005/236809.jpg?impolicy=wowsmkqiema&w=260&h=260,$4.80,$2.09 / 100G,,, Add to cart , Save to list 
Fine Fettle Broc & Cauli Rice 50g,https://www.woolworths.com.au/shop/productdetails/219699/fine-fettle-broc-cauli-rice,https://assets.woolworths.com.au/images/1005/219699.jpg?impolicy=wowsmkqiema&w=260&h=260,$7.00,$14.00 / 100G,,, Add to cart , Save to list 
Haribo Goldbears Mini Bags Bucket 980g Candy 200PK,https://www.woolworths.com.au/shop/productdetails/1074025835/haribo-goldbears-mini-bags-bucket-980g-candy-200pk,https://assets.woolworths.com.au/images/1005/1074025835.jpg?impolicy=wowsmkqiema&w=260&h=260,$37.40,$18.70 / 100EA,,, Add to cart , Save to list 
Hart & Soul Creamy Chicken And Noodle Soup 400g,https://www.woolworths.com.au/shop/productdetails/267219/hart-soul-creamy-chicken-and-noodle-soup,https://assets.woolworths.com.au/images/1005/267219.jpg?impolicy=wowsmkqiema&w=260&h=260,$4.50,$1.13 / 100G,,, Add to cart , Save to list 
Jade Phoenix Snow Fungus 50g,https://www.woolworths.com.au/shop/productdetails/827029/jade-phoenix-snow-fungus,https://assets.woolworths.com.au/images/1005/827029.jpg?impolicy=wowsmkqiema&w=260&h=260,$3.70,$7.40 / 100G,,, Add to cart , Save to list 
Liebers Honey Graham Crackers 408g,https://www.woolworths.com.au/shop/productdetails/1074032759/liebers-honey-graham-crackers-408g,https://assets.woolworths.com.au/images/1005/1074032759.jpg?impolicy=wowsmkqiema&w=260&h=260,$29.99,$7.35 / 100G,,, Add to cart , Save to list 
Low Carb Life Rich Chocolate Brownies Keto Bake Mix 300g,https://www.woolworths.com.au/shop/productdetails/1073890458/low-carb-life-rich-chocolate-brownies-keto-bake-mix-300g,https://assets.woolworths.com.au/images/1005/1073890458.jpg?impolicy=wowsmkqiema&w=260&h=260,$15.95,$5.32 / 1EA,,, Add to cart , Save to list 
Lucky Natural Almonds 300g,https://www.woolworths.com.au/shop/productdetails/244374/lucky-natural-almonds,https://assets.woolworths.com.au/images/1005/244374.jpg?impolicy=wowsmkqiema&w=260&h=260,$7.00,$23.33 / 1KG,,, Add to cart , Save to list 
Mtr Ready To Eat Bhindhi Masala 300g,https://www.woolworths.com.au/shop/productdetails/753085/mtr-ready-to-eat-bhindhi-masala,https://assets.woolworths.com.au/images/1005/753085.jpg?impolicy=wowsmkqiema&w=260&h=260,$3.00,$1.00 / 100G,,, Add to cart , Save to list 
Moccona Barista Reserve Cafe Black Instant Coffee 95g,https://www.woolworths.com.au/shop/productdetails/155989/moccona-barista-reserve-cafe-black-instant-coffee,https://assets.woolworths.com.au/images/1005/155989.jpg?impolicy=wowsmkqiema&w=260&h=260,$11.50,$12.11 / 100G,,, Add to cart , Save to list 
Mother's Recipe Mixed Pickle 500g,https://www.woolworths.com.au/shop/productdetails/421202/mother-s-recipe-mixed-pickle,https://assets.woolworths.com.au/images/1005/421202.jpg?impolicy=wowsmkqiema&w=260&h=260,$4.75,$0.95 / 100G,,, Add to cart , Save to list 
Reese's Peanut Butter Chocolate Miniature Cups Bag 150g 4x,https://www.woolworths.com.au/shop/productdetails/1074051008/reese-s-peanut-butter-chocolate-miniature-cups-bag-150g-4x,https://assets.woolworths.com.au/images/1005/1074051008.jpg?impolicy=wowsmkqiema&w=260&h=260,$22.95,$5.74 / 1EA,,, Add to cart , Save to list 
Sacred Grounds Groover Blend Coffee Capsules 10 Pack,https://www.woolworths.com.au/shop/productdetails/222873/sacred-grounds-groover-blend-coffee-capsules,https://assets.woolworths.com.au/images/1005/222873.jpg?impolicy=wowsmkqiema&w=260&h=260,$8.50,$0.85 / 1EA,,, Add to cart , Save to list 
"Tabasco Green Pepper Sauce, 2 x 1.89L",https://www.woolworths.com.au/shop/productdetails/1074165746/tabasco-green-pepper-sauce-2-x-1-89l,https://assets.woolworths.com.au/images/1005/1074165746.jpg?impolicy=wowsmkqiema&w=260&h=260,$150.00,$3.79 / 100ML,,, Add to cart , Save to list 
Tae Kae Noi Tempura Seaweed 39g X 4Pack,https://www.woolworths.com.au/shop/productdetails/1074105417/tae-kae-noi-tempura-seaweed-39g-x-4pack,https://assets.woolworths.com.au/images/1005/1074105417.jpg?impolicy=wowsmkqiema&w=260&h=260,$20.99,$3.50 / 1EA,,, Add to cart , Save to list 
Tiberino One-Pot Gourmet Meals Risotto Porcini with Truffle Drops 200g,https://www.woolworths.com.au/shop/productdetails/1073961449/tiberino-one-pot-gourmet-meals-risotto-porcini-with-truffle-drops-200g,https://assets.woolworths.com.au/images/1005/1073961449.jpg?impolicy=wowsmkqiema&w=260&h=260,$16.95,,,, Add to cart , Save to list 
Willards Cheese Curls 150g,https://www.woolworths.com.au/shop/productdetails/54605/willards-cheese-curls,https://assets.woolworths.com.au/images/1005/54605.jpg?impolicy=wowsmkqiema&w=260&h=260,$5.25,$3.50 / 100G,,, Add to cart , Save to list 
Bubbleme Bubble Tea Brown Sugar Flavour 470ml,https://www.woolworths.com.au/shop/productdetails/189287/bubbleme-bubble-tea-brown-sugar-flavour,https://assets.woolworths.com.au/images/1005/189287.jpg?impolicy=wowsmkqiema&w=260&h=260,$4.00,$0.85 / 100ML,,, Add to cart , Save to list 
9cha Milk Tea Original No Added Sugar 500ml,https://www.woolworths.com.au/shop/productdetails/233816/9cha-milk-tea-original-no-added-sugar,https://assets.woolworths.com.au/images/1005/233816.jpg?impolicy=wowsmkqiema&w=260&h=260,$3.00,$0.60 / 100ML,,, Add to cart , Save to list 
Broth & Co Free Range Chicken bone Broth Liquid 300ml x 2pack,https://www.woolworths.com.au/shop/productdetails/1073945913/broth-co-free-range-chicken-bone-broth-liquid-300ml-x-2pack,https://assets.woolworths.com.au/images/1005/1073945913.jpg?impolicy=wowsmkqiema&w=260&h=260,$17.90,$2.98 / 100ML,,, Add to cart , Save to list 
Broth & Co Grass Fed Beef Bone Broth Liquid 300ml x 2pack,https://www.woolworths.com.au/shop/productdetails/1073945914/broth-co-grass-fed-beef-bone-broth-liquid-300ml-x-2pack,https://assets.woolworths.com.au/images/1005/1073945914.jpg?impolicy=wowsmkqiema&w=260&h=260,$17.90,$2.98 / 100ML,,, Add to cart , Save to list 
Cadbury Freddo Showbag - 12pc,https://www.woolworths.com.au/shop/productdetails/1073908238/cadbury-freddo-showbag-12pc,https://assets.woolworths.com.au/images/1005/1073908238.jpg?impolicy=wowsmkqiema&w=260&h=260,$14.45,$14.45 / 1EA,,, Add to cart , Save to list 
Castania Pumpkin Seeds 250g,https://www.woolworths.com.au/shop/productdetails/816040/castania-pumpkin-seeds,https://assets.woolworths.com.au/images/1005/816040.jpg?impolicy=wowsmkqiema&w=260&h=260,$6.75,$2.70 / 100G,,, Add to cart , Save to list 
