Title,Title_URL,Image,Price,Price1,Content,rating,cartcontrolsaddcart,Avg_price
Ben & Jerry's Triple Caramel Chunk Ice Cream 458ml,https://www.woolworths.com.au/shop/productdetails/348629/ben-jerry-s-triple-caramel-chunk-ice-cream,https://assets.woolworths.com.au/images/1005/348629.jpg?impolicy=wowsmkqiema&w=260&h=260,$14.50,$3.17 / 100ML,4.3,9, Add to cart , Save to list 
Blue Ribbon Delicious Duo Berry Passion Pavlova 2l,https://www.woolworths.com.au/shop/productdetails/243147/blue-ribbon-delicious-duo-berry-passion-pavlova,https://assets.woolworths.com.au/images/1005/243147.jpg?impolicy=wowsmkqiema&w=260&h=260,$10.00,$0.50 / 100ML,,, Add to cart , Save to list 
Ben & Jerry's Ice Cream Chocolate Chip Cookie Dough 458ml Tub,https://www.woolworths.com.au/shop/productdetails/345039/ben-jerry-s-ice-cream-chocolate-chip-cookie-dough,https://assets.woolworths.com.au/images/1005/345039.jpg?impolicy=wowsmkqiema&w=260&h=260,$14.50,$3.17 / 100ML,4.4,9, Add to cart , Save to list 
Ben & Jerry's Cookie Dough S'wich Up Ice Cream Tub 458ml,https://www.woolworths.com.au/shop/productdetails/134671/ben-jerry-s-cookie-dough-s-wich-up-ice-cream-tub,https://assets.woolworths.com.au/images/1005/134671.jpg?impolicy=wowsmkqiema&w=260&h=260,$14.50,$3.17 / 100ML,,, Add to cart , Save to list 
Bell Farms Chopped Spinach 250g,https://www.woolworths.com.au/shop/productdetails/516857/bell-farms-chopped-spinach,https://assets.woolworths.com.au/images/1005/516857.jpg?impolicy=wowsmkqiema&w=260&h=260,$0.95,$3.80 / 1KG,4.5,514, Add to cart , Save to list 
Woolworths Potato Wedges 750g,https://www.woolworths.com.au/shop/productdetails/693777/woolworths-potato-wedges,https://assets.woolworths.com.au/images/1005/693777.jpg?impolicy=wowsmkqiema&w=260&h=260,,,4.5,716,, Save to list 
Four'n Twenty Sausage Roll Jumbo 6 Pack,https://www.woolworths.com.au/shop/productdetails/26955/four-n-twenty-sausage-roll-jumbo,https://assets.woolworths.com.au/images/1005/26955.jpg?impolicy=wowsmkqiema&w=260&h=260,$7.50,$1.07 / 100G,4.2,46, Add to cart , Save to list 
Ingham's Frozen Turkey Ready To Roast Traditional 1kg,https://www.woolworths.com.au/shop/productdetails/41929/ingham-s-frozen-turkey-ready-to-roast-traditional,https://assets.woolworths.com.au/images/1005/41929.jpg?impolicy=wowsmkqiema&w=260&h=260,$18.00,$18.00 / 1KG,4.7,149, Add to cart , Save to list 
Woolworths Party Sausage Rolls 24 Pack,https://www.woolworths.com.au/shop/productdetails/621329/woolworths-party-sausage-rolls,https://assets.woolworths.com.au/images/1005/621329.jpg?impolicy=wowsmkqiema&w=260&h=260,$6.50,$0.72 / 100G,4.6,33, Add to cart , Save to list 
Ho Mai Spring Rolls Cocktail 1kg,https://www.woolworths.com.au/shop/productdetails/259537/ho-mai-spring-rolls-cocktail,https://assets.woolworths.com.au/images/1005/259537.jpg?impolicy=wowsmkqiema&w=260&h=260,$10.00,$1.00 / 100G,4.6,94, Add to cart , Save to list 
Blue Ribbon Delicious Duo Caramel Hokey Pokey 2l,https://www.woolworths.com.au/shop/productdetails/243485/blue-ribbon-delicious-duo-caramel-hokey-pokey,https://assets.woolworths.com.au/images/1005/243485.jpg?impolicy=wowsmkqiema&w=260&h=260,$10.00,$0.50 / 100ML,,, Add to cart , Save to list 
Ben & Jerry's Half Baked Ice Cream 458ml,https://www.woolworths.com.au/shop/productdetails/348630/ben-jerry-s-half-baked-ice-cream,https://assets.woolworths.com.au/images/1005/348630.jpg?impolicy=wowsmkqiema&w=260&h=260,$14.50,$3.17 / 100ML,4.0,6, Add to cart , Save to list 
Ben & Jerry's Ice Cream Chocolate Fudge Brownie 458ml Tub,https://www.woolworths.com.au/shop/productdetails/345040/ben-jerry-s-ice-cream-chocolate-fudge-brownie,https://assets.woolworths.com.au/images/1005/345040.jpg?impolicy=wowsmkqiema&w=260&h=260,$14.50,$3.17 / 100ML,4.6,18, Add to cart , Save to list 
Ben & Jerry's Ice Cream The Tonight Dough Starring Jimmy Fallon 458ml Tub,https://www.woolworths.com.au/shop/productdetails/441151/ben-jerry-s-ice-cream-the-tonight-dough-starring-jimmy-fallon,https://assets.woolworths.com.au/images/1005/441151.jpg?impolicy=wowsmkqiema&w=260&h=260,$14.50,$3.17 / 100ML,5.0,7, Add to cart , Save to list 
Mccain Pub Style Potato Wedges 750g,https://www.woolworths.com.au/shop/productdetails/53205/mccain-pub-style-potato-wedges,https://assets.woolworths.com.au/images/1005/53205.jpg?impolicy=wowsmkqiema&w=260&h=260,,,4.6,30,, Save to list 
Steggles Chicken Breast Fingers 1kg,https://www.woolworths.com.au/shop/productdetails/508730/steggles-chicken-breast-fingers,https://assets.woolworths.com.au/images/1005/508730.jpg?impolicy=wowsmkqiema&w=260&h=260,$13.00,$13.00 / 1KG,4.7,66, Add to cart , Save to list 
Ocean Chef Salmon Portions Skin On 1kg,https://www.woolworths.com.au/shop/productdetails/763541/ocean-chef-salmon-portions-skin-on,https://assets.woolworths.com.au/images/1005/763541.jpg?impolicy=wowsmkqiema&w=260&h=260,$29.50,$29.50 / 1KG,,, Add to cart , Save to list 
Mccain Superfries Shoestring 900g,https://www.woolworths.com.au/shop/productdetails/662937/mccain-superfries-shoestring,https://assets.woolworths.com.au/images/1005/662937.jpg?impolicy=wowsmkqiema&w=260&h=260,$4.50,$5.00 / 1KG,4.5,94, Add to cart , Save to list 
Four'n Twenty Sausage Roll Party 500g,https://www.woolworths.com.au/shop/productdetails/88267/four-n-twenty-sausage-roll-party,https://assets.woolworths.com.au/images/1005/88267.jpg?impolicy=wowsmkqiema&w=260&h=260,$7.00,$1.40 / 100G,4.3,37, Add to cart , Save to list 
Weis Ice Cream & Fruit Bar Mango & Cream 70ml X 4 Pack,https://www.woolworths.com.au/shop/productdetails/178953/weis-ice-cream-fruit-bar-mango-cream,https://assets.woolworths.com.au/images/1005/178953.jpg?impolicy=wowsmkqiema&w=260&h=260,,,5.0,27,, Save to list 
Woolworths Winter Veg Mix 1kg,https://www.woolworths.com.au/shop/productdetails/768567/woolworths-winter-veg-mix,https://assets.woolworths.com.au/images/1005/768567.jpg?impolicy=wowsmkqiema&w=260&h=260,,,4.2,771,, Save to list 
Patties Sausage Roll Party 450g,https://www.woolworths.com.au/shop/productdetails/30748/patties-sausage-roll-party,https://assets.woolworths.com.au/images/1005/30748.jpg?impolicy=wowsmkqiema&w=260&h=260,$7.50,$1.67 / 100G,4.0,39, Add to cart , Save to list 
Just Caught Atlantic Salmon Skinless 1kg,https://www.woolworths.com.au/shop/productdetails/891961/just-caught-atlantic-salmon-skinless,https://assets.woolworths.com.au/images/1005/891961.jpg?impolicy=wowsmkqiema&w=260&h=260,$32.00,$32.00 / 1KG,5.0,1, Add to cart , Save to list 
Woolworths Frozen Strawberries 500g,https://www.woolworths.com.au/shop/productdetails/777899/woolworths-frozen-strawberries,https://assets.woolworths.com.au/images/1005/777899.jpg?impolicy=wowsmkqiema&w=260&h=260,$6.20,$12.40 / 1KG,4.6,108, Add to cart , Save to list 
Mccain Beer Batter Wedges 750g,https://www.woolworths.com.au/shop/productdetails/249344/mccain-beer-batter-wedges,https://assets.woolworths.com.au/images/1005/249344.jpg?impolicy=wowsmkqiema&w=260&h=260,,,4.3,34,, Save to list 
Macro Organic Chopped Spinach Leaf Portions 450g,https://www.woolworths.com.au/shop/productdetails/817500/macro-organic-chopped-spinach-leaf-portions,https://assets.woolworths.com.au/images/1005/817500.jpg?impolicy=wowsmkqiema&w=260&h=260,,,4.6,285,, Save to list 
Marathon Spring Rolls 4 Pack,https://www.woolworths.com.au/shop/productdetails/765590/marathon-spring-rolls,https://assets.woolworths.com.au/images/1005/765590.jpg?impolicy=wowsmkqiema&w=260&h=260,$6.50,$1.02 / 100G,4.5,48, Add to cart , Save to list 
Weight Watchers Classic Beef Bolognese Frozen Meal 320g,https://www.woolworths.com.au/shop/productdetails/694683/weight-watchers-classic-beef-bolognese-frozen-meal,https://assets.woolworths.com.au/images/1005/694683.jpg?impolicy=wowsmkqiema&w=260&h=260,$4.00,$1.25 / 100G,4.3,23, Add to cart , Save to list 
"Birds Eye Steam Fresh Broccoli, Carrots & Corn 750g",https://www.woolworths.com.au/shop/productdetails/322796/birds-eye-steam-fresh-broccoli-carrots-corn,https://assets.woolworths.com.au/images/1005/322796.jpg?impolicy=wowsmkqiema&w=260&h=260,$5.50,$7.33 / 1KG,4.8,76, Add to cart , Save to list 
Trang's Pastry Spring Roll Sheets 300g,https://www.woolworths.com.au/shop/productdetails/40920/trang-s-pastry-spring-roll-sheets,https://assets.woolworths.com.au/images/1005/40920.jpg?impolicy=wowsmkqiema&w=260&h=260,$2.90,$0.97 / 100G,4.4,20, Add to cart , Save to list 
"Heinz Steam Fresh Vegetables Frozen Veg Carrots, Corn & Broccoli 450g",https://www.woolworths.com.au/shop/productdetails/211190/heinz-steam-fresh-vegetables-frozen-veg-carrots-corn-broccoli,https://assets.woolworths.com.au/images/1005/211190.jpg?impolicy=wowsmkqiema&w=260&h=260,$3.40,$7.56 / 1KG,4.7,65, Add to cart , Save to list 
Street Foodie Cocktails Spring Rolls 430g,https://www.woolworths.com.au/shop/productdetails/160240/street-foodie-cocktails-spring-rolls,https://assets.woolworths.com.au/images/1005/160240.jpg?impolicy=wowsmkqiema&w=260&h=260,$6.50,$1.51 / 100G,,, Add to cart , Save to list 
Herbert Adams Sausage Rolls King Island Beef Frozen 12 Pack,https://www.woolworths.com.au/shop/productdetails/767356/herbert-adams-sausage-rolls-king-island-beef-frozen,https://assets.woolworths.com.au/images/1005/767356.jpg?impolicy=wowsmkqiema&w=260&h=260,$9.50,$2.26 / 100G,4.6,22, Add to cart , Save to list 
Patties Party Pack Mini Pies & Sausage Rolls 1kg,https://www.woolworths.com.au/shop/productdetails/147700/patties-party-pack-mini-pies-sausage-rolls,https://assets.woolworths.com.au/images/1005/147700.jpg?impolicy=wowsmkqiema&w=260&h=260,$16.90,$1.69 / 100G,4.3,86, Add to cart , Save to list 
Steggles Crumbed Chicken Dino Snacks Tempura 1kg,https://www.woolworths.com.au/shop/productdetails/383909/steggles-crumbed-chicken-dino-snacks-tempura,https://assets.woolworths.com.au/images/1005/383909.jpg?impolicy=wowsmkqiema&w=260&h=260,$13.00,$13.00 / 1KG,4.8,93, Add to cart , Save to list 
Borg's Pastizzis Triangles Spinach & Ricotta 360g,https://www.woolworths.com.au/shop/productdetails/177218/borg-s-pastizzis-triangles-spinach-ricotta,https://assets.woolworths.com.au/images/1005/177218.jpg?impolicy=wowsmkqiema&w=260&h=260,$4.00,$1.11 / 100G,4.4,60, Add to cart , Save to list 
Woolworths Chicken Breast Crumbed Tenders 400g,https://www.woolworths.com.au/shop/productdetails/733773/woolworths-chicken-breast-crumbed-tenders,https://assets.woolworths.com.au/images/1005/733773.jpg?impolicy=wowsmkqiema&w=260&h=260,$4.50,$11.25 / 1KG,4.4,1215, Add to cart , Save to list 
Woolworths Party Pies 24 Pack,https://www.woolworths.com.au/shop/productdetails/621328/woolworths-party-pies,https://assets.woolworths.com.au/images/1005/621328.jpg?impolicy=wowsmkqiema&w=260&h=260,$6.00,$0.54 / 100G,4.6,84, Add to cart , Save to list 
Mccain Hash Browns Shredded 750g,https://www.woolworths.com.au/shop/productdetails/98299/mccain-hash-browns-shredded,https://assets.woolworths.com.au/images/1005/98299.jpg?impolicy=wowsmkqiema&w=260&h=260,$4.50,$6.00 / 1KG,4.5,61, Add to cart , Save to list 
Weight Watchers Classic Mushroom & Pumpkin Risotto Frozen Meal 320g,https://www.woolworths.com.au/shop/productdetails/694689/weight-watchers-classic-mushroom-pumpkin-risotto-frozen-meal,https://assets.woolworths.com.au/images/1005/694689.jpg?impolicy=wowsmkqiema&w=260&h=260,$4.00,$1.25 / 100G,3.9,11, Add to cart , Save to list 
Steggles Sweet Chilli Chicken Tenders 1kg,https://www.woolworths.com.au/shop/productdetails/646082/steggles-sweet-chilli-chicken-tenders,https://assets.woolworths.com.au/images/1005/646082.jpg?impolicy=wowsmkqiema&w=260&h=260,$11.00,$11.00 / 1KG,4.6,37, Add to cart , Save to list 
Ingham's Chicken Breast Schnitzel 400g,https://www.woolworths.com.au/shop/productdetails/85804/ingham-s-chicken-breast-schnitzel,https://assets.woolworths.com.au/images/1005/85804.jpg?impolicy=wowsmkqiema&w=260&h=260,$10.65,$26.63 / 1KG,4.3,12, Add to cart , Save to list 
Mrs Macs Microwave Giant Sausage Roll Frozen 175g,https://www.woolworths.com.au/shop/productdetails/219967/mrs-macs-microwave-giant-sausage-roll-frozen,https://assets.woolworths.com.au/images/1005/219967.jpg?impolicy=wowsmkqiema&w=260&h=260,$3.20,$1.83 / 100G,4.0,1, Add to cart , Save to list 
Woolworths Chicken Breast Sweet Chilli Tenders 400g,https://www.woolworths.com.au/shop/productdetails/774411/woolworths-chicken-breast-sweet-chilli-tenders,https://assets.woolworths.com.au/images/1005/774411.jpg?impolicy=wowsmkqiema&w=260&h=260,$4.50,$11.25 / 1KG,4.6,501, Add to cart , Save to list 
Ingham's Frozen Chicken Breast Tenders Sweet Chilli 400g,https://www.woolworths.com.au/shop/productdetails/229446/ingham-s-frozen-chicken-breast-tenders-sweet-chilli,https://assets.woolworths.com.au/images/1005/229446.jpg?impolicy=wowsmkqiema&w=260&h=260,$5.50,$13.75 / 1KG,4.7,72, Add to cart , Save to list 
Birds Eye Deli Roast Vegetables 600g,https://www.woolworths.com.au/shop/productdetails/802639/birds-eye-deli-roast-vegetables,https://assets.woolworths.com.au/images/1005/802639.jpg?impolicy=wowsmkqiema&w=260&h=260,,,4.1,40,, Save to list 
Four'n Twenty Party Pies Frozen 12 Pack,https://www.woolworths.com.au/shop/productdetails/88281/four-n-twenty-party-pies-frozen,https://assets.woolworths.com.au/images/1005/88281.jpg?impolicy=wowsmkqiema&w=260&h=260,$7.00,$1.17 / 100G,4.3,34, Add to cart , Save to list 
Woolworths Potato Minis 1kg,https://www.woolworths.com.au/shop/productdetails/695650/woolworths-potato-minis,https://assets.woolworths.com.au/images/1005/695650.jpg?impolicy=wowsmkqiema&w=260&h=260,,,4.6,911,, Save to list 
Weight Watchers Beef Lasagne 370g,https://www.woolworths.com.au/shop/productdetails/114178/weight-watchers-beef-lasagne-null,https://assets.woolworths.com.au/images/1005/114178.jpg?impolicy=wowsmkqiema&w=260&h=260,$4.00,$1.08 / 100G,,, Add to cart , Save to list 
Woolworths Meat Pies 6 Pack,https://www.woolworths.com.au/shop/productdetails/96118/woolworths-meat-pies,https://assets.woolworths.com.au/images/1005/96118.jpg?impolicy=wowsmkqiema&w=260&h=260,$5.70,$0.63 / 100G,3.7,905, Add to cart , Save to list 
Weight Watchers Chicken & Mushroom Fettuccine 300g,https://www.woolworths.com.au/shop/productdetails/141158/weight-watchers-chicken-mushroom-fettuccine-null,https://assets.woolworths.com.au/images/1005/141158.jpg?impolicy=wowsmkqiema&w=260&h=260,$4.00,$1.33 / 100G,,, Add to cart , Save to list 
Weis Ice Cream & Fruit Bar Macadamia Mango Cream 70ml X 4 Pack,https://www.woolworths.com.au/shop/productdetails/224380/weis-ice-cream-fruit-bar-macadamia-mango-cream,https://assets.woolworths.com.au/images/1005/224380.jpg?impolicy=wowsmkqiema&w=260&h=260,$9.50,$3.39 / 100ML,4.8,49, Add to cart , Save to list 
Birds Eye Steam Fresh Peas Beans Broccoli Corn Mix 750g,https://www.woolworths.com.au/shop/productdetails/782977/birds-eye-steam-fresh-peas-beans-broccoli-corn-mix,https://assets.woolworths.com.au/images/1005/782977.jpg?impolicy=wowsmkqiema&w=260&h=260,$5.50,$7.33 / 1KG,4.8,63, Add to cart , Save to list 
"Bulla Splits Multipack Raspberry, Mango & Lemon Lime 10 Pack",https://www.woolworths.com.au/shop/productdetails/140646/bulla-splits-multipack-raspberry-mango-lemon-lime,https://assets.woolworths.com.au/images/1005/140646.jpg?impolicy=wowsmkqiema&w=260&h=260,$8.00,$1.07 / 100ML,4.9,51, Add to cart , Save to list 
Gelativo Mango Sorbet 1l,https://www.woolworths.com.au/shop/productdetails/321236/gelativo-mango-sorbet,https://assets.woolworths.com.au/images/1005/321236.jpg?impolicy=wowsmkqiema&w=260&h=260,$6.00,$0.60 / 100ML,4.7,20, Add to cart , Save to list 
Essentials Frozen Mixed Vegetables 1kg,https://www.woolworths.com.au/shop/productdetails/93915/essentials-frozen-mixed-vegetables,https://assets.woolworths.com.au/images/1005/93915.jpg?impolicy=wowsmkqiema&w=260&h=260,$2.80,$2.80 / 1KG,4.0,588, Add to cart , Save to list 
Mccain Pub Style Extra Crispy Chips 750g,https://www.woolworths.com.au/shop/productdetails/822845/mccain-pub-style-extra-crispy-chips,https://assets.woolworths.com.au/images/1005/822845.jpg?impolicy=wowsmkqiema&w=260&h=260,$5.50,$7.33 / 1KG,5.0,1, Add to cart , Save to list 
Heinz Steam Fresh Vegetables Frozen Veg Beans Broccoli Peas 450g,https://www.woolworths.com.au/shop/productdetails/260848/heinz-steam-fresh-vegetables-frozen-veg-beans-broccoli-peas,https://assets.woolworths.com.au/images/1005/260848.jpg?impolicy=wowsmkqiema&w=260&h=260,$3.40,$7.56 / 1KG,4.6,45, Add to cart , Save to list 
Woolworths Carrots Peas & Corn 1kg,https://www.woolworths.com.au/shop/productdetails/768569/woolworths-carrots-peas-corn,https://assets.woolworths.com.au/images/1005/768569.jpg?impolicy=wowsmkqiema&w=260&h=260,$4.50,$4.50 / 1KG,4.6,827, Add to cart , Save to list 
Heinz Steam Fresh Vegetables Frozen Broccoli Carrot Cauliflower 450g,https://www.woolworths.com.au/shop/productdetails/211189/heinz-steam-fresh-vegetables-frozen-broccoli-carrot-cauliflower,https://assets.woolworths.com.au/images/1005/211189.jpg?impolicy=wowsmkqiema&w=260&h=260,$3.40,$7.56 / 1KG,4.6,48, Add to cart , Save to list 
Linda Mccartney's Sausage Roll Vegetarian 6 Pack,https://www.woolworths.com.au/shop/productdetails/749520/linda-mccartney-s-sausage-roll-vegetarian,https://assets.woolworths.com.au/images/1005/749520.jpg?impolicy=wowsmkqiema&w=260&h=260,$5.50,$1.61 / 100G,,, Add to cart , Save to list 
Weight Watchers Creamy Tuna Bake Bowl 320g,https://www.woolworths.com.au/shop/productdetails/482773/weight-watchers-creamy-tuna-bake-bowl-null,https://assets.woolworths.com.au/images/1005/482773.jpg?impolicy=wowsmkqiema&w=260&h=260,$4.00,$1.25 / 100G,4.2,22, Add to cart , Save to list 
Woolworths Frozen Raspberries 500g,https://www.woolworths.com.au/shop/productdetails/260004/woolworths-frozen-raspberries,https://assets.woolworths.com.au/images/1005/260004.jpg?impolicy=wowsmkqiema&w=260&h=260,$7.00,$14.00 / 1KG,4.6,410, Add to cart , Save to list 
Birds Eye Veggie Rice Broccoli & Cauli 500g,https://www.woolworths.com.au/shop/productdetails/62825/birds-eye-veggie-rice-broccoli-cauli,https://assets.woolworths.com.au/images/1005/62825.jpg?impolicy=wowsmkqiema&w=260&h=260,$5.50,$11.00 / 1KG,4.6,40, Add to cart , Save to list 
Mrs Macs Giant Sausage Rolls 4 Pack,https://www.woolworths.com.au/shop/productdetails/160000/mrs-macs-giant-sausage-rolls,https://assets.woolworths.com.au/images/1005/160000.jpg?impolicy=wowsmkqiema&w=260&h=260,$9.50,$1.36 / 100G,5.0,1, Add to cart , Save to list 
Four'n Twenty Pies Meat 4 Pack,https://www.woolworths.com.au/shop/productdetails/24940/four-n-twenty-pies-meat,https://assets.woolworths.com.au/images/1005/24940.jpg?impolicy=wowsmkqiema&w=260&h=260,$8.50,$1.21 / 100G,4.3,78, Add to cart , Save to list 
Ruffie Rustic Foods Plant Based Chicken-ie Schnitzel Frozen Meal 350g,https://www.woolworths.com.au/shop/productdetails/111268/ruffie-rustic-foods-plant-based-chicken-ie-schnitzel-frozen-meal,https://assets.woolworths.com.au/images/1005/111268.jpg?impolicy=wowsmkqiema&w=260&h=260,$7.00,$2.00 / 100G,,, Add to cart , Save to list 
"Heinz Steam Fresh Vegetables Frozen Veg Broccoli, Carrots & Peas 450g",https://www.woolworths.com.au/shop/productdetails/228739/heinz-steam-fresh-vegetables-frozen-veg-broccoli-carrots-peas,https://assets.woolworths.com.au/images/1005/228739.jpg?impolicy=wowsmkqiema&w=260&h=260,$3.40,$7.56 / 1KG,4.6,55, Add to cart , Save to list 
Twisted Gluten Free Frozen Yoghurt Mini Multpack 4x120ml,https://www.woolworths.com.au/shop/productdetails/577912/twisted-gluten-free-frozen-yoghurt-mini-multpack,https://assets.woolworths.com.au/images/1005/577912.jpg?impolicy=wowsmkqiema&w=260&h=260,$7.50,$1.56 / 100ML,4.5,11, Add to cart , Save to list 
Borg's Traditional Puff Pastry 1.9kg,https://www.woolworths.com.au/shop/productdetails/173040/borg-s-traditional-puff-pastry,https://assets.woolworths.com.au/images/1005/173040.jpg?impolicy=wowsmkqiema&w=260&h=260,$8.50,$0.45 / 100G,4.8,45, Add to cart , Save to list 
Mccain Beer Batter Steakhouse Chips 750g,https://www.woolworths.com.au/shop/productdetails/249351/mccain-beer-batter-steakhouse-chips,https://assets.woolworths.com.au/images/1005/249351.jpg?impolicy=wowsmkqiema&w=260&h=260,$5.30,$7.07 / 1KG,4.6,98, Add to cart , Save to list 
Woolworths Broccoli & Cauliflower 500g,https://www.woolworths.com.au/shop/productdetails/768561/woolworths-broccoli-cauliflower,https://assets.woolworths.com.au/images/1005/768561.jpg?impolicy=wowsmkqiema&w=260&h=260,,,4.5,812,, Save to list 
Weis Fruito Passionfruit Pineapple & Banana Ice Cream & Fruit Bar 4 Pack,https://www.woolworths.com.au/shop/productdetails/178950/weis-fruito-passionfruit-pineapple-banana-ice-cream-fruit-bar,https://assets.woolworths.com.au/images/1005/178950.jpg?impolicy=wowsmkqiema&w=260&h=260,,,4.8,26,, Save to list 
Woolworths Prep Set Go Diced Frozen Onions 500g,https://www.woolworths.com.au/shop/productdetails/61998/woolworths-prep-set-go-diced-frozen-onions,https://assets.woolworths.com.au/images/1005/61998.jpg?impolicy=wowsmkqiema&w=260&h=260,$2.70,$5.40 / 1KG,4.5,712, Add to cart , Save to list 
Tegel Take Outs Louisiana Style Burger 600g,https://www.woolworths.com.au/shop/productdetails/173697/tegel-take-outs-louisiana-style-burger,https://assets.woolworths.com.au/images/1005/173697.jpg?impolicy=wowsmkqiema&w=260&h=260,$14.00,$23.33 / 1KG,4.8,4, Add to cart , Save to list 
Woolworths Australian Beef Microwave Sausage Roll 175g,https://www.woolworths.com.au/shop/productdetails/183622/woolworths-australian-beef-microwave-sausage-roll,https://assets.woolworths.com.au/images/1005/183622.jpg?impolicy=wowsmkqiema&w=260&h=260,$2.20,$1.26 / 100G,3.0,270, Add to cart , Save to list 
Herbert Adams Cream Cheese & Spinach Savoury Rolls 2 Pack,https://www.woolworths.com.au/shop/productdetails/162049/herbert-adams-cream-cheese-spinach-savoury-rolls,https://assets.woolworths.com.au/images/1005/162049.jpg?impolicy=wowsmkqiema&w=260&h=260,$6.00,$1.58 / 100G,,, Add to cart , Save to list 
Mccain Quick Cook Mini Smiles Crunchy 500g,https://www.woolworths.com.au/shop/productdetails/139658/mccain-quick-cook-mini-smiles-crunchy,https://assets.woolworths.com.au/images/1005/139658.jpg?impolicy=wowsmkqiema&w=260&h=260,,,4.0,2,, Save to list 
Birds Eye Deli Seasoned Chips Sea Salt & Rosemary 600g,https://www.woolworths.com.au/shop/productdetails/752346/birds-eye-deli-seasoned-chips-sea-salt-rosemary,https://assets.woolworths.com.au/images/1005/752346.jpg?impolicy=wowsmkqiema&w=260&h=260,,,4.7,104,, Save to list 
Gelativo Sorbet Lemon Lime 1l,https://www.woolworths.com.au/shop/productdetails/227461/gelativo-sorbet-lemon-lime,https://assets.woolworths.com.au/images/1005/227461.jpg?impolicy=wowsmkqiema&w=260&h=260,$6.00,$0.60 / 100ML,4.4,15, Add to cart , Save to list 
Birds Eye Veggie Rice Cauliflower 500g,https://www.woolworths.com.au/shop/productdetails/802638/birds-eye-veggie-rice-cauliflower,https://assets.woolworths.com.au/images/1005/802638.jpg?impolicy=wowsmkqiema&w=260&h=260,$5.50,$11.00 / 1KG,4.7,56, Add to cart , Save to list 
Ocean Chef Squid Rings Panko 360g,https://www.woolworths.com.au/shop/productdetails/772620/ocean-chef-squid-rings-panko,https://assets.woolworths.com.au/images/1005/772620.jpg?impolicy=wowsmkqiema&w=260&h=260,$6.00,$16.67 / 1KG,,, Add to cart , Save to list 
Woolworths Frozen Mixed Berries 1kg,https://www.woolworths.com.au/shop/productdetails/586517/woolworths-frozen-mixed-berries,https://assets.woolworths.com.au/images/1005/586517.jpg?impolicy=wowsmkqiema&w=260&h=260,$11.00,$11.00 / 1KG,4.7,1149, Add to cart , Save to list 
Birds Eye Deli Whiting Crisp Light Batter 250g,https://www.woolworths.com.au/shop/productdetails/691284/birds-eye-deli-whiting-crisp-light-batter,https://assets.woolworths.com.au/images/1005/691284.jpg?impolicy=wowsmkqiema&w=260&h=260,$7.50,$30.00 / 1KG,4.9,33, Add to cart , Save to list 
Woolworths Brussels Sprouts 500g,https://www.woolworths.com.au/shop/productdetails/768583/woolworths-brussels-sprouts,https://assets.woolworths.com.au/images/1005/768583.jpg?impolicy=wowsmkqiema&w=260&h=260,$3.00,$6.00 / 1KG,4.1,674, Add to cart , Save to list 
Woolworths Crumbed Chicken Breast Tenders 1kg,https://www.woolworths.com.au/shop/productdetails/132260/woolworths-crumbed-chicken-breast-tenders,https://assets.woolworths.com.au/images/1005/132260.jpg?impolicy=wowsmkqiema&w=260&h=260,$11.00,$11.00 / 1KG,4.2,366, Add to cart , Save to list 
Woolworths Frozen Blueberries 500g,https://www.woolworths.com.au/shop/productdetails/260007/woolworths-frozen-blueberries,https://assets.woolworths.com.au/images/1005/260007.jpg?impolicy=wowsmkqiema&w=260&h=260,$6.20,$12.40 / 1KG,4.5,534, Add to cart , Save to list 
Birds Eye Stir Fry Mix Chinese 850g,https://www.woolworths.com.au/shop/productdetails/705694/birds-eye-stir-fry-mix-chinese,https://assets.woolworths.com.au/images/1005/705694.jpg?impolicy=wowsmkqiema&w=260&h=260,,,4.7,42,, Save to list 
Steggles Chicken Pieces Flaming Wing Nibbles Spicy 1kg,https://www.woolworths.com.au/shop/productdetails/383623/steggles-chicken-pieces-flaming-wing-nibbles-spicy,https://assets.woolworths.com.au/images/1005/383623.jpg?impolicy=wowsmkqiema&w=260&h=260,$11.00,$11.00 / 1KG,4.8,6, Add to cart , Save to list 
Dr. Oetker Ristorante Pizza Peperoni 310g,https://www.woolworths.com.au/shop/productdetails/705420/dr-oetker-ristorante-pizza-peperoni,https://assets.woolworths.com.au/images/1005/705420.jpg?impolicy=wowsmkqiema&w=260&h=260,$6.00,$1.94 / 100G,4.7,53, Add to cart , Save to list 
Woolworths Frozen Mixed Berries 500g,https://www.woolworths.com.au/shop/productdetails/260010/woolworths-frozen-mixed-berries,https://assets.woolworths.com.au/images/1005/260010.jpg?impolicy=wowsmkqiema&w=260&h=260,$6.20,$12.40 / 1KG,4.6,1021, Add to cart , Save to list 
Steggles Tempura Chicken Breast Nuggets 400g,https://www.woolworths.com.au/shop/productdetails/339262/steggles-tempura-chicken-breast-nuggets,https://assets.woolworths.com.au/images/1005/339262.jpg?impolicy=wowsmkqiema&w=260&h=260,$4.95,$12.38 / 1KG,4.7,42, Add to cart , Save to list 
Birds Eye Deli Seasoned Roast Potatoes Rosemary & Garlic 600g,https://www.woolworths.com.au/shop/productdetails/839429/birds-eye-deli-seasoned-roast-potatoes-rosemary-garlic,https://assets.woolworths.com.au/images/1005/839429.jpg?impolicy=wowsmkqiema&w=260&h=260,,,4.7,62,, Save to list 
Mccain Mixed Vegetables Peas Corn & Carrot 500g,https://www.woolworths.com.au/shop/productdetails/54233/mccain-mixed-vegetables-peas-corn-carrot,https://assets.woolworths.com.au/images/1005/54233.jpg?impolicy=wowsmkqiema&w=260&h=260,$4.20,$8.40 / 1KG,4.5,73, Add to cart , Save to list 
Gelativo Sorbet Passionfruit 1l Tub,https://www.woolworths.com.au/shop/productdetails/227460/gelativo-sorbet-passionfruit,https://assets.woolworths.com.au/images/1005/227460.jpg?impolicy=wowsmkqiema&w=260&h=260,$6.00,$0.60 / 100ML,4.9,15, Add to cart , Save to list 
Mccain Superfries Crinkle Cut 900g,https://www.woolworths.com.au/shop/productdetails/662935/mccain-superfries-crinkle-cut,https://assets.woolworths.com.au/images/1005/662935.jpg?impolicy=wowsmkqiema&w=260&h=260,$4.50,$5.00 / 1KG,4.3,95, Add to cart , Save to list 
Birds Eye Southern Blue Whiting Original Crumb 425g,https://www.woolworths.com.au/shop/productdetails/338482/birds-eye-southern-blue-whiting-original-crumb,https://assets.woolworths.com.au/images/1005/338482.jpg?impolicy=wowsmkqiema&w=260&h=260,$11.00,$25.88 / 1KG,4.2,42, Add to cart , Save to list 
Woolworths Frozen Meat Pies 4 Pack,https://www.woolworths.com.au/shop/productdetails/779251/woolworths-frozen-meat-pies,https://assets.woolworths.com.au/images/1005/779251.jpg?impolicy=wowsmkqiema&w=260&h=260,$5.60,$0.80 / 100G,4.0,875, Add to cart , Save to list 
Mccain Superfries Steak Cut 900g,https://www.woolworths.com.au/shop/productdetails/662932/mccain-superfries-steak-cut,https://assets.woolworths.com.au/images/1005/662932.jpg?impolicy=wowsmkqiema&w=260&h=260,,,4.4,39,, Save to list 
Tegel Take Outs Nashville Style Portions 1kg,https://www.woolworths.com.au/shop/productdetails/71374/tegel-take-outs-nashville-style-portions,https://assets.woolworths.com.au/images/1005/71374.jpg?impolicy=wowsmkqiema&w=260&h=260,$9.80,$9.80 / 1KG,5.0,1, Add to cart , Save to list 
Birds Eye Potato Gems 900g,https://www.woolworths.com.au/shop/productdetails/180109/birds-eye-potato-gems,https://assets.woolworths.com.au/images/1005/180109.jpg?impolicy=wowsmkqiema&w=260&h=260,,,,,, Save to list 
Birds Eye Stir Fry Oriental 850g,https://www.woolworths.com.au/shop/productdetails/768622/birds-eye-stir-fry-oriental,https://assets.woolworths.com.au/images/1005/768622.jpg?impolicy=wowsmkqiema&w=260&h=260,,,4.6,43,, Save to list 
"Birds Eye Steam Fresh In Cheese Sauce Broccoli, Cauliflower & Carrot 400g",https://www.woolworths.com.au/shop/productdetails/782978/birds-eye-steam-fresh-in-cheese-sauce-broccoli-cauliflower-carrot,https://assets.woolworths.com.au/images/1005/782978.jpg?impolicy=wowsmkqiema&w=260&h=260,$5.80,$14.50 / 1KG,4.6,72, Add to cart , Save to list 
Tegel Take Outs Louisiana Style Portions 1kg,https://www.woolworths.com.au/shop/productdetails/71375/tegel-take-outs-louisiana-style-portions,https://assets.woolworths.com.au/images/1005/71375.jpg?impolicy=wowsmkqiema&w=260&h=260,,,4.5,4,, Save to list 
Steggles Southern Style Chicken Breast Burgers 360g,https://www.woolworths.com.au/shop/productdetails/94369/steggles-southern-style-chicken-breast-burgers,https://assets.woolworths.com.au/images/1005/94369.jpg?impolicy=wowsmkqiema&w=260&h=260,$5.50,$15.28 / 1KG,,, Add to cart , Save to list 
Herbert Adams Pies Creamy Chicken & Leek 2 Pack,https://www.woolworths.com.au/shop/productdetails/329998/herbert-adams-pies-creamy-chicken-leek,https://assets.woolworths.com.au/images/1005/329998.jpg?impolicy=wowsmkqiema&w=260&h=260,$9.00,$2.14 / 100G,4.6,53, Add to cart , Save to list 
Mccain Beer Batter Chips Shoestring 750g,https://www.woolworths.com.au/shop/productdetails/260900/mccain-beer-batter-chips-shoestring,https://assets.woolworths.com.au/images/1005/260900.jpg?impolicy=wowsmkqiema&w=260&h=260,$5.30,$7.07 / 1KG,4.8,32, Add to cart , Save to list 
Birds Eye Stir Fry Mix Thai 500g,https://www.woolworths.com.au/shop/productdetails/46422/birds-eye-stir-fry-mix-thai,https://assets.woolworths.com.au/images/1005/46422.jpg?impolicy=wowsmkqiema&w=260&h=260,,,4.4,38,, Save to list 
Harry Hoo & Co Chicken Spring Rolls 450g,https://www.woolworths.com.au/shop/productdetails/161090/harry-hoo-co-chicken-spring-rolls,https://assets.woolworths.com.au/images/1005/161090.jpg?impolicy=wowsmkqiema&w=260&h=260,$5.50,$1.22 / 100G,,, Add to cart , Save to list 
Fry's Meat Free Family Sausage Rolls Frozen Meal 400g,https://www.woolworths.com.au/shop/productdetails/809199/frys-meat-free-family-sausage-rolls-frozen-meal,https://assets.woolworths.com.au/images/1005/809199.jpg?impolicy=wowsmkqiema&w=260&h=260,$6.50,$1.63 / 100G,,, Add to cart , Save to list 
Dr. Oetker Ristorante Pizza Spinaci 390g,https://www.woolworths.com.au/shop/productdetails/728499/dr-oetker-ristorante-pizza-spinaci,https://assets.woolworths.com.au/images/1005/728499.jpg?impolicy=wowsmkqiema&w=260&h=260,$6.00,$1.54 / 100G,4.7,40, Add to cart , Save to list 
Sealord Southern Blue Whiting Classic Crumb Bites 400g,https://www.woolworths.com.au/shop/productdetails/674710/sealord-southern-blue-whiting-classic-crumb-bites,https://assets.woolworths.com.au/images/1005/674710.jpg?impolicy=wowsmkqiema&w=260&h=260,$10.50,$26.25 / 1KG,4.5,28, Add to cart , Save to list 
Woolworths Corn Cobs Australia 1kg,https://www.woolworths.com.au/shop/productdetails/374274/woolworths-corn-cobs-australia,https://assets.woolworths.com.au/images/1005/374274.jpg?impolicy=wowsmkqiema&w=260&h=260,$4.50,$4.50 / 1KG,4.2,390, Add to cart , Save to list 
Steggles Chicken Crumbed Nuggets 1kg,https://www.woolworths.com.au/shop/productdetails/66955/steggles-chicken-crumbed-nuggets,https://assets.woolworths.com.au/images/1005/66955.jpg?impolicy=wowsmkqiema&w=260&h=260,$11.00,$11.00 / 1KG,4.1,55, Add to cart , Save to list 
Sealord Fish Of The Day Whiting Classic Crumb Fillets 4 Pack,https://www.woolworths.com.au/shop/productdetails/143659/sealord-fish-of-the-day-whiting-classic-crumb-fillets,https://assets.woolworths.com.au/images/1005/143659.jpg?impolicy=wowsmkqiema&w=260&h=260,$10.50,$32.81 / 1KG,,, Add to cart , Save to list 
Woolworths Prep Set Go Pumpkin Chunks 500g,https://www.woolworths.com.au/shop/productdetails/54136/woolworths-prep-set-go-pumpkin-chunks,https://assets.woolworths.com.au/images/1005/54136.jpg?impolicy=wowsmkqiema&w=260&h=260,$4.00,$8.00 / 1KG,3.8,619, Add to cart , Save to list 
Linda Mccartney's Sausages 270g,https://www.woolworths.com.au/shop/productdetails/74424/linda-mccartney-s-sausages-null,https://assets.woolworths.com.au/images/1005/74424.jpg?impolicy=wowsmkqiema&w=260&h=260,$5.50,$2.04 / 100G,4.2,188, Add to cart , Save to list 
Twisted Minis Frozen Yoghurt Dessert Assorted Flavours 4 Pack,https://www.woolworths.com.au/shop/productdetails/180081/twisted-minis-frozen-yoghurt-dessert-assorted-flavours,https://assets.woolworths.com.au/images/1005/180081.jpg?impolicy=wowsmkqiema&w=260&h=260,$7.50,$1.56 / 100ML,5.0,1, Add to cart , Save to list 
Four'n Twenty Pies Beef & Cheese 700g,https://www.woolworths.com.au/shop/productdetails/227091/four-n-twenty-pies-beef-cheese,https://assets.woolworths.com.au/images/1005/227091.jpg?impolicy=wowsmkqiema&w=260&h=260,$8.50,$1.21 / 100G,4.6,32, Add to cart , Save to list 
Mccain Superfries Straight Cut 900g,https://www.woolworths.com.au/shop/productdetails/662933/mccain-superfries-straight-cut,https://assets.woolworths.com.au/images/1005/662933.jpg?impolicy=wowsmkqiema&w=260&h=260,$4.50,$5.00 / 1KG,4.2,40, Add to cart , Save to list 
Tilly's Chewy Gooey Choc Brownie Frozen Dessert 475ml,https://www.woolworths.com.au/shop/productdetails/817055/tilly-s-chewy-gooey-choc-brownie-frozen-dessert,https://assets.woolworths.com.au/images/1005/817055.jpg?impolicy=wowsmkqiema&w=260&h=260,$8.50,$1.79 / 100ML,4.5,6, Add to cart , Save to list 
Sara Lee Tiramisu 415g,https://www.woolworths.com.au/shop/productdetails/739139/sara-lee-tiramisu,https://assets.woolworths.com.au/images/1005/739139.jpg?impolicy=wowsmkqiema&w=260&h=260,$7.50,$1.81 / 100G,4.5,20, Add to cart , Save to list 
Woolworths Frozen Blueberries 1kg,https://www.woolworths.com.au/shop/productdetails/586516/woolworths-frozen-blueberries,https://assets.woolworths.com.au/images/1005/586516.jpg?impolicy=wowsmkqiema&w=260&h=260,$11.00,$11.00 / 1KG,4.8,553, Add to cart , Save to list 
Mr Chen's Chive & Prawn Wonton 240g,https://www.woolworths.com.au/shop/productdetails/744148/mr-chen-s-chive-prawn-wonton,https://assets.woolworths.com.au/images/1005/744148.jpg?impolicy=wowsmkqiema&w=260&h=260,$5.00,$2.08 / 100G,4.6,16, Add to cart , Save to list 
Quorn Mince 300g,https://www.woolworths.com.au/shop/productdetails/349163/quorn-mince-null,https://assets.woolworths.com.au/images/1005/349163.jpg?impolicy=wowsmkqiema&w=260&h=260,$7.00,$2.33 / 100G,,, Add to cart , Save to list 
Woolworths Peas 500g,https://www.woolworths.com.au/shop/productdetails/754170/woolworths-peas,https://assets.woolworths.com.au/images/1005/754170.jpg?impolicy=wowsmkqiema&w=260&h=260,$2.50,$5.00 / 1KG,4.8,479, Add to cart , Save to list 
Bell Farms Frozen Chips Steak Cut 1kg,https://www.woolworths.com.au/shop/productdetails/429362/bell-farms-frozen-chips-steak-cut,https://assets.woolworths.com.au/images/1005/429362.jpg?impolicy=wowsmkqiema&w=260&h=260,,,3.7,359,, Save to list 
Birds Eye Golden Crunch Crinkle Cut Chips 900g,https://www.woolworths.com.au/shop/productdetails/180652/birds-eye-golden-crunch-crinkle-cut-chips,https://assets.woolworths.com.au/images/1005/180652.jpg?impolicy=wowsmkqiema&w=260&h=260,,,,,, Save to list 
Birds Eye Golden Crunch Straight Cut Chips 900g,https://www.woolworths.com.au/shop/productdetails/179560/birds-eye-golden-crunch-straight-cut-chips,https://assets.woolworths.com.au/images/1005/179560.jpg?impolicy=wowsmkqiema&w=260&h=260,,,,,, Save to list 
Woolworths Corn Kernels 1kg,https://www.woolworths.com.au/shop/productdetails/768570/woolworths-corn-kernels,https://assets.woolworths.com.au/images/1005/768570.jpg?impolicy=wowsmkqiema&w=260&h=260,$4.50,$4.50 / 1KG,4.7,741, Add to cart , Save to list 
Mccain Straight Sweet Potato Chips 750g,https://www.woolworths.com.au/shop/productdetails/854298/mccain-straight-sweet-potato-chips,https://assets.woolworths.com.au/images/1005/854298.jpg?impolicy=wowsmkqiema&w=260&h=260,$7.70,$10.27 / 1KG,4.5,38, Add to cart , Save to list 
Woolworths Frozen Australian Peas 1kg,https://www.woolworths.com.au/shop/productdetails/754169/woolworths-frozen-australian-peas,https://assets.woolworths.com.au/images/1005/754169.jpg?impolicy=wowsmkqiema&w=260&h=260,$3.80,$3.80 / 1KG,4.8,1114, Add to cart , Save to list 
Woolworths Cheeseburger Flavoured Spring Rolls 6 Pack,https://www.woolworths.com.au/shop/productdetails/821070/woolworths-cheeseburger-flavoured-spring-rolls,https://assets.woolworths.com.au/images/1005/821070.jpg?impolicy=wowsmkqiema&w=260&h=260,$5.30,$2.21 / 100G,3.4,676, Add to cart , Save to list 
Katoomba Roti Bread 6 Pack,https://www.woolworths.com.au/shop/productdetails/221225/katoomba-roti-bread,https://assets.woolworths.com.au/images/1005/221225.jpg?impolicy=wowsmkqiema&w=260&h=260,$4.50,$1.15 / 100G,,, Add to cart , Save to list 
Bulla Splits Ice Cream Wildberry Orange Tropical 10 Pack,https://www.woolworths.com.au/shop/productdetails/178943/bulla-splits-ice-cream-wildberry-orange-tropical,https://assets.woolworths.com.au/images/1005/178943.jpg?impolicy=wowsmkqiema&w=260&h=260,$8.00,$1.07 / 100ML,4.8,34, Add to cart , Save to list 
Steggles Premium Chicken Nuggets 400g,https://www.woolworths.com.au/shop/productdetails/295282/steggles-premium-chicken-nuggets,https://assets.woolworths.com.au/images/1005/295282.jpg?impolicy=wowsmkqiema&w=260&h=260,$4.95,$12.38 / 1KG,4.6,19, Add to cart , Save to list 
Pampas Puff Pastry 6 Sheets 1kg,https://www.woolworths.com.au/shop/productdetails/96492/pampas-puff-pastry-6-sheets,https://assets.woolworths.com.au/images/1005/96492.jpg?impolicy=wowsmkqiema&w=260&h=260,$5.20,$0.52 / 100G,4.7,40, Add to cart , Save to list 
Woolworths Australian Baby Peas 500g,https://www.woolworths.com.au/shop/productdetails/754183/woolworths-australian-baby-peas,https://assets.woolworths.com.au/images/1005/754183.jpg?impolicy=wowsmkqiema&w=260&h=260,$3.00,$6.00 / 1KG,4.8,723, Add to cart , Save to list 
Herbert Adams Pies King Island Beef 2 Pack,https://www.woolworths.com.au/shop/productdetails/248429/herbert-adams-pies-king-island-beef,https://assets.woolworths.com.au/images/1005/248429.jpg?impolicy=wowsmkqiema&w=260&h=260,$9.00,$2.14 / 100G,4.6,26, Add to cart , Save to list 
Ocean Chef Fish King Snapper Portions 1kg,https://www.woolworths.com.au/shop/productdetails/794638/ocean-chef-fish-king-snapper-portions,https://assets.woolworths.com.au/images/1005/794638.jpg?impolicy=wowsmkqiema&w=260&h=260,$26.00,$26.00 / 1KG,,, Add to cart , Save to list 
Bulla Vanilla Ice Cream 2l,https://www.woolworths.com.au/shop/productdetails/42620/bulla-vanilla-ice-cream,https://assets.woolworths.com.au/images/1005/42620.jpg?impolicy=wowsmkqiema&w=260&h=260,$5.25,$0.26 / 100ML,4.8,79, Add to cart , Save to list 
Umami Edamame Salad 200g,https://www.woolworths.com.au/shop/productdetails/658326/umami-edamame-salad,https://assets.woolworths.com.au/images/1005/658326.jpg?impolicy=wowsmkqiema&w=260&h=260,$2.50,$12.50 / 1KG,4.8,46, Add to cart , Save to list 
Woolworths Frozen Mango 500g,https://www.woolworths.com.au/shop/productdetails/777911/woolworths-frozen-mango,https://assets.woolworths.com.au/images/1005/777911.jpg?impolicy=wowsmkqiema&w=260&h=260,$6.20,$12.40 / 1KG,4.3,109, Add to cart , Save to list 
Woolworths Frozen Mango 1kg,https://www.woolworths.com.au/shop/productdetails/820796/woolworths-frozen-mango,https://assets.woolworths.com.au/images/1005/820796.jpg?impolicy=wowsmkqiema&w=260&h=260,$11.00,$11.00 / 1KG,4.6,536, Add to cart , Save to list 
Herbert Adams Pies Chunky Slow Cooked Beef 2 Pack,https://www.woolworths.com.au/shop/productdetails/786301/herbert-adams-pies-chunky-slow-cooked-beef,https://assets.woolworths.com.au/images/1005/786301.jpg?impolicy=wowsmkqiema&w=260&h=260,$9.00,$2.25 / 100G,4.7,43, Add to cart , Save to list 
Herbert Adams Pies Slow Cooked Beef & Pepper 2 Pack,https://www.woolworths.com.au/shop/productdetails/786291/herbert-adams-pies-slow-cooked-beef-pepper,https://assets.woolworths.com.au/images/1005/786291.jpg?impolicy=wowsmkqiema&w=260&h=260,$9.00,$2.25 / 100G,4.8,33, Add to cart , Save to list 
Strong Roots Proper Chips 650g,https://www.woolworths.com.au/shop/productdetails/219726/strong-roots-proper-chips,https://assets.woolworths.com.au/images/1005/219726.jpg?impolicy=wowsmkqiema&w=260&h=260,$6.50,$10.00 / 1KG,,, Add to cart , Save to list 
Woolworths Cauliflower Florets 500g,https://www.woolworths.com.au/shop/productdetails/768560/woolworths-cauliflower-florets,https://assets.woolworths.com.au/images/1005/768560.jpg?impolicy=wowsmkqiema&w=260&h=260,$3.00,$6.00 / 1KG,4.3,526, Add to cart , Save to list 
Birds Eye Fish Fingers 1kg,https://www.woolworths.com.au/shop/productdetails/96336/birds-eye-fish-fingers,https://assets.woolworths.com.au/images/1005/96336.jpg?impolicy=wowsmkqiema&w=260&h=260,$10.50,$10.50 / 1KG,4.6,52, Add to cart , Save to list 
Macro Organic Frozen Strawberries 450g,https://www.woolworths.com.au/shop/productdetails/103541/macro-organic-frozen-strawberries,https://assets.woolworths.com.au/images/1005/103541.jpg?impolicy=wowsmkqiema&w=260&h=260,$8.80,$19.56 / 1KG,4.5,575, Add to cart , Save to list 
Tilly's Silky Salt Caramel Frozen Dessert 475ml,https://www.woolworths.com.au/shop/productdetails/817064/tilly-s-silky-salt-caramel-frozen-dessert,https://assets.woolworths.com.au/images/1005/817064.jpg?impolicy=wowsmkqiema&w=260&h=260,$8.50,$1.79 / 100ML,4.3,3, Add to cart , Save to list 
Woolworths Chicken Satay & Rice 375g,https://www.woolworths.com.au/shop/productdetails/695489/woolworths-chicken-satay-rice-null,https://assets.woolworths.com.au/images/1005/695489.jpg?impolicy=wowsmkqiema&w=260&h=260,$3.30,$0.88 / 100G,3.7,1002, Add to cart , Save to list 
Woolworths Choc Coated Vanilla Ice Cream Sticks 10 Pack,https://www.woolworths.com.au/shop/productdetails/112273/woolworths-choc-coated-vanilla-ice-cream-sticks,https://assets.woolworths.com.au/images/1005/112273.jpg?impolicy=wowsmkqiema&w=260&h=260,$3.50,$0.40 / 100ML,4.5,468, Add to cart , Save to list 
Pampas Puff Pastry 10 Sheets 1.6kg,https://www.woolworths.com.au/shop/productdetails/83512/pampas-puff-pastry-10-sheets,https://assets.woolworths.com.au/images/1005/83512.jpg?impolicy=wowsmkqiema&w=260&h=260,$7.30,$0.46 / 100G,4.8,53, Add to cart , Save to list 
I & J Salt & Pepper Squid 360g,https://www.woolworths.com.au/shop/productdetails/571927/i-j-salt-pepper-squid,https://assets.woolworths.com.au/images/1005/571927.jpg?impolicy=wowsmkqiema&w=260&h=260,$8.00,$22.22 / 1KG,3.7,11, Add to cart , Save to list 
Pampas Shortcrust Pastry 5 Sheets 1kg,https://www.woolworths.com.au/shop/productdetails/32897/pampas-shortcrust-pastry-5-sheets,https://assets.woolworths.com.au/images/1005/32897.jpg?impolicy=wowsmkqiema&w=260&h=260,$5.20,$0.52 / 100G,4.7,14, Add to cart , Save to list 
Woolworths Pastry Shortcrust 1kg,https://www.woolworths.com.au/shop/productdetails/763596/woolworths-pastry-shortcrust,https://assets.woolworths.com.au/images/1005/763596.jpg?impolicy=wowsmkqiema&w=260&h=260,$2.95,$0.30 / 100G,4.4,282, Add to cart , Save to list 
Fry's Meat Free Nuggets With Rice Protein & Chia Frozen Meal 240g,https://www.woolworths.com.au/shop/productdetails/937534/frys-meat-free-nuggets-with-rice-protein-chia-frozen-meal,https://assets.woolworths.com.au/images/1005/937534.jpg?impolicy=wowsmkqiema&w=260&h=260,$6.50,$2.71 / 100G,,, Add to cart , Save to list 
Vegie Delights Plant Based Not Burger 4 Pack,https://www.woolworths.com.au/shop/productdetails/139878/vegie-delights-plant-based-not-burger,https://assets.woolworths.com.au/images/1005/139878.jpg?impolicy=wowsmkqiema&w=260&h=260,$5.80,$1.93 / 100G,,, Add to cart , Save to list 
Quorn Vegan Nuggets 280g,https://www.woolworths.com.au/shop/productdetails/574746/quorn-vegan-nuggets-null,https://assets.woolworths.com.au/images/1005/574746.jpg?impolicy=wowsmkqiema&w=260&h=260,$7.00,$2.50 / 100G,,, Add to cart , Save to list 
Essentials Frozen Crinkle Cut Chips 1kg,https://www.woolworths.com.au/shop/productdetails/221063/essentials-frozen-crinkle-cut-chips,https://assets.woolworths.com.au/images/1005/221063.jpg?impolicy=wowsmkqiema&w=260&h=260,,,4.0,593,, Save to list 
"Birds Eye Deli Seasoned Chips Parmesan, Garlic & Basil 600g",https://www.woolworths.com.au/shop/productdetails/752330/birds-eye-deli-seasoned-chips-parmesan-garlic-basil,https://assets.woolworths.com.au/images/1005/752330.jpg?impolicy=wowsmkqiema&w=260&h=260,$4.80,$8.00 / 1KG,4.7,86, Add to cart , Save to list 
Mccain Pub Style Fries 750g,https://www.woolworths.com.au/shop/productdetails/34936/mccain-pub-style-fries,https://assets.woolworths.com.au/images/1005/34936.jpg?impolicy=wowsmkqiema&w=260&h=260,,,4.7,44,, Save to list 
Essentials French Fries 1kg,https://www.woolworths.com.au/shop/productdetails/639533/essentials-french-fries,https://assets.woolworths.com.au/images/1005/639533.jpg?impolicy=wowsmkqiema&w=260&h=260,,,4.2,394,, Save to list 
Mccain Mixed Vegetables Seasonal Mix 1kg,https://www.woolworths.com.au/shop/productdetails/802648/mccain-mixed-vegetables-seasonal-mix,https://assets.woolworths.com.au/images/1005/802648.jpg?impolicy=wowsmkqiema&w=260&h=260,$6.80,$6.80 / 1KG,5.0,14, Add to cart , Save to list 
Birds Eye Deli Squid Strips Lightly Seasoned 225g,https://www.woolworths.com.au/shop/productdetails/115092/birds-eye-deli-squid-strips-lightly-seasoned,https://assets.woolworths.com.au/images/1005/115092.jpg?impolicy=wowsmkqiema&w=260&h=260,$10.00,$44.44 / 1KG,,, Add to cart , Save to list 
Vegie Delights Plant Based Thai Chilli & Lime Cakes 4 Pack,https://www.woolworths.com.au/shop/productdetails/139071/vegie-delights-plant-based-thai-chilli-lime-cakes,https://assets.woolworths.com.au/images/1005/139071.jpg?impolicy=wowsmkqiema&w=260&h=260,$5.80,$2.07 / 100G,,, Add to cart , Save to list 
Ingham's Chicken Tenders Original 1kg,https://www.woolworths.com.au/shop/productdetails/227255/ingham-s-chicken-tenders-original,https://assets.woolworths.com.au/images/1005/227255.jpg?impolicy=wowsmkqiema&w=260&h=260,$13.00,$13.00 / 1KG,,, Add to cart , Save to list 
Mccain Corn Kernels 500g,https://www.woolworths.com.au/shop/productdetails/90838/mccain-corn-kernels,https://assets.woolworths.com.au/images/1005/90838.jpg?impolicy=wowsmkqiema&w=260&h=260,$4.00,$8.00 / 1KG,4.6,59, Add to cart , Save to list 
Peters Original Vanilla 4l,https://www.woolworths.com.au/shop/productdetails/34673/peters-original-vanilla,https://assets.woolworths.com.au/images/1005/34673.jpg?impolicy=wowsmkqiema&w=260&h=260,$10.90,$0.27 / 100ML,4.8,79, Add to cart , Save to list 
Peters Original Neapolitan Ice Cream 2l,https://www.woolworths.com.au/shop/productdetails/40960/peters-original-neapolitan-ice-cream,https://assets.woolworths.com.au/images/1005/40960.jpg?impolicy=wowsmkqiema&w=260&h=260,$5.50,$0.28 / 100ML,4.7,26, Add to cart , Save to list 
Ocean Chef Tuna Yellowfin Tuna Steaks 1kg,https://www.woolworths.com.au/shop/productdetails/782001/ocean-chef-tuna-yellowfin-tuna-steaks,https://assets.woolworths.com.au/images/1005/782001.jpg?impolicy=wowsmkqiema&w=260&h=260,$29.00,$29.00 / 1KG,,, Add to cart , Save to list 
Ocean Chef Salmon Portions Mediterranean Style 1kg,https://www.woolworths.com.au/shop/productdetails/811474/ocean-chef-salmon-portions-mediterranean-style,https://assets.woolworths.com.au/images/1005/811474.jpg?impolicy=wowsmkqiema&w=260&h=260,$29.50,$29.50 / 1KG,,, Add to cart , Save to list 
Herbert Adams Pies Gourmet King Beef Frozen 12 Pack,https://www.woolworths.com.au/shop/productdetails/704125/herbert-adams-pies-gourmet-king-beef-frozen,https://assets.woolworths.com.au/images/1005/704125.jpg?impolicy=wowsmkqiema&w=260&h=260,$9.50,$2.26 / 100G,4.3,27, Add to cart , Save to list 
Steggles Tempura Chicken Dino Snacks 400g,https://www.woolworths.com.au/shop/productdetails/339271/steggles-tempura-chicken-dino-snacks,https://assets.woolworths.com.au/images/1005/339271.jpg?impolicy=wowsmkqiema&w=260&h=260,$5.50,$13.75 / 1KG,4.5,29, Add to cart , Save to list 
Fry's Meat Free Quinoa & Brown Rice Protein Burgers Frozen Meal 320g,https://www.woolworths.com.au/shop/productdetails/575585/frys-meat-free-quinoa-brown-rice-protein-burgers-frozen-meal,https://assets.woolworths.com.au/images/1005/575585.jpg?impolicy=wowsmkqiema&w=260&h=260,$6.50,$2.03 / 100G,,, Add to cart , Save to list 
Bell Farms Waffle Cut Fries 750g,https://www.woolworths.com.au/shop/productdetails/683568/bell-farms-waffle-cut-fries,https://assets.woolworths.com.au/images/1005/683568.jpg?impolicy=wowsmkqiema&w=260&h=260,,,3.6,805,, Save to list 
Essentials Frozen Cut Green Beans 1kg,https://www.woolworths.com.au/shop/productdetails/96844/essentials-frozen-cut-green-beans,https://assets.woolworths.com.au/images/1005/96844.jpg?impolicy=wowsmkqiema&w=260&h=260,$2.80,$2.80 / 1KG,3.9,519, Add to cart , Save to list 
Ingham's Sweet Chilli Chicken Tenders 1kg,https://www.woolworths.com.au/shop/productdetails/227382/ingham-s-sweet-chilli-chicken-tenders,https://assets.woolworths.com.au/images/1005/227382.jpg?impolicy=wowsmkqiema&w=260&h=260,$13.00,$13.00 / 1KG,,, Add to cart , Save to list 
Pie Society Plant Based Sausage Rolls 680g,https://www.woolworths.com.au/shop/productdetails/221498/pie-society-plant-based-sausage-rolls,https://assets.woolworths.com.au/images/1005/221498.jpg?impolicy=wowsmkqiema&w=260&h=260,$9.00,$1.32 / 100G,,, Add to cart , Save to list 
Peters Icy Pole Lemonade 8 Pack,https://www.woolworths.com.au/shop/productdetails/7280/peters-icy-pole-lemonade,https://assets.woolworths.com.au/images/1005/7280.jpg?impolicy=wowsmkqiema&w=260&h=260,$5.00,$0.83 / 100ML,4.9,19, Add to cart , Save to list 
Woolworths Frozen Pizza Bbq Meat Lovers 500g,https://www.woolworths.com.au/shop/productdetails/508042/woolworths-frozen-pizza-bbq-meat-lovers,https://assets.woolworths.com.au/images/1005/508042.jpg?impolicy=wowsmkqiema&w=260&h=260,$5.00,$1.00 / 100G,3.2,647, Add to cart , Save to list 
"Birds Eye Snap Frozen Carrot, Cauliflower & Broccoli 1kg",https://www.woolworths.com.au/shop/productdetails/217969/birds-eye-snap-frozen-carrot-cauliflower-broccoli,https://assets.woolworths.com.au/images/1005/217969.jpg?impolicy=wowsmkqiema&w=260&h=260,,,4.4,57,, Save to list 
Mrs Macs Microwave Beef Pie Frozen 175g,https://www.woolworths.com.au/shop/productdetails/221025/mrs-macs-microwave-beef-pie-frozen,https://assets.woolworths.com.au/images/1005/221025.jpg?impolicy=wowsmkqiema&w=260&h=260,$3.20,$1.83 / 100G,,, Add to cart , Save to list 
Woolworths Oven Roasted Southern Style Wing Nibbles 1kg,https://www.woolworths.com.au/shop/productdetails/132573/woolworths-oven-roasted-southern-style-wing-nibbles,https://assets.woolworths.com.au/images/1005/132573.jpg?impolicy=wowsmkqiema&w=260&h=260,$11.00,$11.00 / 1KG,4.2,382, Add to cart , Save to list 
Connoisseur Ice Cream Classic Vanilla 1l Tub,https://www.woolworths.com.au/shop/productdetails/96190/connoisseur-ice-cream-classic-vanilla,https://assets.woolworths.com.au/images/1005/96190.jpg?impolicy=wowsmkqiema&w=260&h=260,$12.00,$1.20 / 100ML,4.9,82, Add to cart , Save to list 
Woolworths Julienne Carrots 500g,https://www.woolworths.com.au/shop/productdetails/768562/woolworths-julienne-carrots,https://assets.woolworths.com.au/images/1005/768562.jpg?impolicy=wowsmkqiema&w=260&h=260,$3.00,$6.00 / 1KG,4.4,571, Add to cart , Save to list 
Borg's Spinach & Ricotta Pastizzis 625g,https://www.woolworths.com.au/shop/productdetails/766488/borg-s-spinach-ricotta-pastizzis-null,https://assets.woolworths.com.au/images/1005/766488.jpg?impolicy=wowsmkqiema&w=260&h=260,$7.50,$1.20 / 100G,4.3,15, Add to cart , Save to list 
Ruffie Rustic Foods Portobello Mushroom Risotto With White Beans Frozen Meal 350g,https://www.woolworths.com.au/shop/productdetails/73077/ruffie-rustic-foods-portobello-mushroom-risotto-with-white-beans-frozen-meal,https://assets.woolworths.com.au/images/1005/73077.jpg?impolicy=wowsmkqiema&w=260&h=260,$7.00,$2.00 / 100G,4.0,9, Add to cart , Save to list 
Birds Eye Golden Ale Chips 600g,https://www.woolworths.com.au/shop/productdetails/682739/birds-eye-golden-ale-chips,https://assets.woolworths.com.au/images/1005/682739.jpg?impolicy=wowsmkqiema&w=260&h=260,$4.80,$8.00 / 1KG,4.6,51, Add to cart , Save to list 
Mccain Spinach & Ricotta Ravioli Healthy Choice Frozen Meal 350g,https://www.woolworths.com.au/shop/productdetails/662124/mccain-spinach-ricotta-ravioli-healthy-choice-frozen-meal,https://assets.woolworths.com.au/images/1005/662124.jpg?impolicy=wowsmkqiema&w=260&h=260,$5.00,$1.43 / 100G,4.4,17, Add to cart , Save to list 
Garlo's Beef Sausage Rolls 4 Pack,https://www.woolworths.com.au/shop/productdetails/659358/garlo-s-beef-sausage-rolls,https://assets.woolworths.com.au/images/1005/659358.jpg?impolicy=wowsmkqiema&w=260&h=260,$8.80,$1.83 / 100G,,, Add to cart , Save to list 
Woolworths Butter Chicken & Rice 375g,https://www.woolworths.com.au/shop/productdetails/694859/woolworths-butter-chicken-rice-null,https://assets.woolworths.com.au/images/1005/694859.jpg?impolicy=wowsmkqiema&w=260&h=260,$3.30,$0.88 / 100G,3.3,708, Add to cart , Save to list 
Vegie Delights Tender Crumbed Schnitzel 300g,https://www.woolworths.com.au/shop/productdetails/227153/vegie-delights-tender-crumbed-schnitzel-null,https://assets.woolworths.com.au/images/1005/227153.jpg?impolicy=wowsmkqiema&w=260&h=260,$5.80,$1.93 / 100G,,, Add to cart , Save to list 
Marathon Asian Dim Sims 1.5kg,https://www.woolworths.com.au/shop/productdetails/48914/marathon-asian-dim-sims,https://assets.woolworths.com.au/images/1005/48914.jpg?impolicy=wowsmkqiema&w=260&h=260,$10.50,$0.70 / 100G,4.7,62, Add to cart , Save to list 
Woolworths Broccoli Florets 500g,https://www.woolworths.com.au/shop/productdetails/768559/woolworths-broccoli-florets,https://assets.woolworths.com.au/images/1005/768559.jpg?impolicy=wowsmkqiema&w=260&h=260,,,4.3,592,, Save to list 
Bell Farms Sweet Potato Chips 750g,https://www.woolworths.com.au/shop/productdetails/125189/bell-farms-sweet-potato-chips,https://assets.woolworths.com.au/images/1005/125189.jpg?impolicy=wowsmkqiema&w=260&h=260,,,,,, Save to list 
Ingham's Tempura Style Nuggets 1kg,https://www.woolworths.com.au/shop/productdetails/227138/ingham-s-tempura-style-nuggets,https://assets.woolworths.com.au/images/1005/227138.jpg?impolicy=wowsmkqiema&w=260&h=260,$13.00,$13.00 / 1KG,5.0,1, Add to cart , Save to list 
Simply Wize Pastry Puff Gluten Free 540g,https://www.woolworths.com.au/shop/productdetails/763094/simply-wize-pastry-puff-gluten-free,https://assets.woolworths.com.au/images/1005/763094.jpg?impolicy=wowsmkqiema&w=260&h=260,$9.00,$1.67 / 100G,4.0,39, Add to cart , Save to list 
"Snickers Choc, Caramel & Peanut Frozen Dessert Bar 6 Pack",https://www.woolworths.com.au/shop/productdetails/248412/snickers-choc-caramel-peanut-frozen-dessert-bar,https://assets.woolworths.com.au/images/1005/248412.jpg?impolicy=wowsmkqiema&w=260&h=260,$9.00,$3.00 / 100ML,,, Add to cart , Save to list 
Bulla Ice Cream Vanilla 4l Tub,https://www.woolworths.com.au/shop/productdetails/86412/bulla-ice-cream-vanilla,https://assets.woolworths.com.au/images/1005/86412.jpg?impolicy=wowsmkqiema&w=260&h=260,$10.00,$0.25 / 100ML,4.8,62, Add to cart , Save to list 
Woolworths Chicken Breast Crumbed Nuggets 400g,https://www.woolworths.com.au/shop/productdetails/733775/woolworths-chicken-breast-crumbed-nuggets,https://assets.woolworths.com.au/images/1005/733775.jpg?impolicy=wowsmkqiema&w=260&h=260,$4.50,$11.25 / 1KG,4.4,600, Add to cart , Save to list 
Woolworths Truffle Arancini 225g,https://www.woolworths.com.au/shop/productdetails/136890/woolworths-truffle-arancini,https://assets.woolworths.com.au/images/1005/136890.jpg?impolicy=wowsmkqiema&w=260&h=260,$7.20,$3.20 / 100G,4.0,881, Add to cart , Save to list 
Ocean Chef Salmon Parcels In Leek & Cheese Sauce 280g,https://www.woolworths.com.au/shop/productdetails/782326/ocean-chef-salmon-parcels-in-leek-cheese-sauce,https://assets.woolworths.com.au/images/1005/782326.jpg?impolicy=wowsmkqiema&w=260&h=260,$10.00,$35.71 / 1KG,4.6,38, Add to cart , Save to list 
Peters Lifesavers Icy Poles Lifesavers 8 Pack,https://www.woolworths.com.au/shop/productdetails/330829/peters-lifesavers-icy-poles-lifesavers,https://assets.woolworths.com.au/images/1005/330829.jpg?impolicy=wowsmkqiema&w=260&h=260,,,4.8,28,, Save to list 
Bulla Splits Summer Variety Sticks 10 Pack,https://www.woolworths.com.au/shop/productdetails/180227/bulla-splits-summer-variety-sticks,https://assets.woolworths.com.au/images/1005/180227.jpg?impolicy=wowsmkqiema&w=260&h=260,$8.00,$1.07 / 100ML,,, Add to cart , Save to list 
Creative Gourmet Frozen Mango Chunks 500g,https://www.woolworths.com.au/shop/productdetails/949/creative-gourmet-frozen-mango-chunks,https://assets.woolworths.com.au/images/1005/949.jpg?impolicy=wowsmkqiema&w=260&h=260,,,4.9,21,, Save to list 
Bell Farms French Fries 1kg,https://www.woolworths.com.au/shop/productdetails/429361/bell-farms-french-fries,https://assets.woolworths.com.au/images/1005/429361.jpg?impolicy=wowsmkqiema&w=260&h=260,,,4.1,416,, Save to list 
Super Nature Wellness Bowl Chickpea Curry Quinoa & Rice Frozen Meal 350g,https://www.woolworths.com.au/shop/productdetails/657086/super-nature-wellness-bowl-chickpea-curry-quinoa-rice-frozen-meal,https://assets.woolworths.com.au/images/1005/657086.jpg?impolicy=wowsmkqiema&w=260&h=260,$6.50,$1.86 / 100G,4.9,12, Add to cart , Save to list 
Peters Frosty Fruits Tropical 8 Pack,https://www.woolworths.com.au/shop/productdetails/96328/peters-frosty-fruits-tropical,https://assets.woolworths.com.au/images/1005/96328.jpg?impolicy=wowsmkqiema&w=260&h=260,$8.00,$1.33 / 100ML,4.7,47, Add to cart , Save to list 
Woolworths Prep Set Go Sweet Potato Chunks 500g,https://www.woolworths.com.au/shop/productdetails/54137/woolworths-prep-set-go-sweet-potato-chunks,https://assets.woolworths.com.au/images/1005/54137.jpg?impolicy=wowsmkqiema&w=260&h=260,$4.00,$8.00 / 1KG,4.3,516, Add to cart , Save to list 
On The Menu Three Cheese Macaroni 260g,https://www.woolworths.com.au/shop/productdetails/708965/on-the-menu-three-cheese-macaroni-null,https://assets.woolworths.com.au/images/1005/708965.jpg?impolicy=wowsmkqiema&w=260&h=260,$3.30,$1.27 / 100G,4.2,27, Add to cart , Save to list 
Birds Eye Deli Sweet Potato Chips 600g,https://www.woolworths.com.au/shop/productdetails/822847/birds-eye-deli-sweet-potato-chips,https://assets.woolworths.com.au/images/1005/822847.jpg?impolicy=wowsmkqiema&w=260&h=260,,,4.7,27,, Save to list 
Mccain Frozen Peas 500g,https://www.woolworths.com.au/shop/productdetails/96206/mccain-frozen-peas,https://assets.woolworths.com.au/images/1005/96206.jpg?impolicy=wowsmkqiema&w=260&h=260,$3.50,$7.00 / 1KG,4.6,37, Add to cart , Save to list 
On The Menu Lasagne Vegetable 260g,https://www.woolworths.com.au/shop/productdetails/708918/on-the-menu-lasagne-vegetable-null,https://assets.woolworths.com.au/images/1005/708918.jpg?impolicy=wowsmkqiema&w=260&h=260,$3.30,$1.27 / 100G,4.3,16, Add to cart , Save to list 
Four'n Twenty Angus Aussie Beef Pies 4 Pack,https://www.woolworths.com.au/shop/productdetails/86945/four-n-twenty-angus-aussie-beef-pies,https://assets.woolworths.com.au/images/1005/86945.jpg?impolicy=wowsmkqiema&w=260&h=260,$7.70,$1.10 / 100G,4.0,1, Add to cart , Save to list 
Bulla Mini Frozen Yoghurt Assorted Flavours 14 Pack,https://www.woolworths.com.au/shop/productdetails/279664/bulla-mini-frozen-yoghurt-assorted-flavours,https://assets.woolworths.com.au/images/1005/279664.jpg?impolicy=wowsmkqiema&w=260&h=260,,,4.7,66,, Save to list 
"Bulla Frozen Yoghurt Strawberry, Mango & Wildberry 8 Pack",https://www.woolworths.com.au/shop/productdetails/318641/bulla-frozen-yoghurt-strawberry-mango-wildberry,https://assets.woolworths.com.au/images/1005/318641.jpg?impolicy=wowsmkqiema&w=260&h=260,$8.00,$1.69 / 100G,4.8,70, Add to cart , Save to list 
Temptation Bakeries Quiche Petite Lorraine 300g,https://www.woolworths.com.au/shop/productdetails/209215/temptation-bakeries-quiche-petite-lorraine-null,https://assets.woolworths.com.au/images/1005/209215.jpg?impolicy=wowsmkqiema&w=260&h=260,$7.50,$2.50 / 100G,4.6,20, Add to cart , Save to list 
Aussie Frozen Fruit 100% Australian Mixed Berries 400g,https://www.woolworths.com.au/shop/productdetails/91872/aussie-frozen-fruit-100-australian-mixed-berries,https://assets.woolworths.com.au/images/1005/91872.jpg?impolicy=wowsmkqiema&w=260&h=260,$7.00,$17.50 / 1KG,4.3,39, Add to cart , Save to list 
Steggles Frozen Chicken Breast Nuggets Boosted With Veggies 400g,https://www.woolworths.com.au/shop/productdetails/165907/steggles-frozen-chicken-breast-nuggets-boosted-with-veggies,https://assets.woolworths.com.au/images/1005/165907.jpg?impolicy=wowsmkqiema&w=260&h=260,$6.50,$16.25 / 1KG,,, Add to cart , Save to list 
Mccain Mixed Vegetables Peas & Corn 500g,https://www.woolworths.com.au/shop/productdetails/54232/mccain-mixed-vegetables-peas-corn,https://assets.woolworths.com.au/images/1005/54232.jpg?impolicy=wowsmkqiema&w=260&h=260,$4.20,$8.40 / 1KG,4.5,46, Add to cart , Save to list 
Skinny Cow Ice Cream Sundae Double Choc Vanilla Caramel 4 Pack,https://www.woolworths.com.au/shop/productdetails/330933/skinny-cow-ice-cream-sundae-double-choc-vanilla-caramel,https://assets.woolworths.com.au/images/1005/330933.jpg?impolicy=wowsmkqiema&w=260&h=260,$7.00,$1.03 / 100ML,4.8,37, Add to cart , Save to list 
Strong Roots Crispy Skinny Fries 750g,https://www.woolworths.com.au/shop/productdetails/219725/strong-roots-crispy-skinny-fries,https://assets.woolworths.com.au/images/1005/219725.jpg?impolicy=wowsmkqiema&w=260&h=260,,,,,, Save to list 
Linda Mccartney's Veg Mozzarella Burger 2 Pack,https://www.woolworths.com.au/shop/productdetails/701102/linda-mccartney-s-veg-mozzarella-burger-null,https://assets.woolworths.com.au/images/1005/701102.jpg?impolicy=wowsmkqiema&w=260&h=260,$5.50,$2.42 / 100G,4.4,401, Add to cart , Save to list 
"Birds Eye Snap Frozen Carrot Cauli, Beans & Broccoli 500g",https://www.woolworths.com.au/shop/productdetails/682829/birds-eye-snap-frozen-carrot-cauli-beans-broccoli,https://assets.woolworths.com.au/images/1005/682829.jpg?impolicy=wowsmkqiema&w=260&h=260,$4.00,$8.00 / 1KG,4.7,43, Add to cart , Save to list 
Mccain Quick Cook Fries Shoestring Crunchy 750g,https://www.woolworths.com.au/shop/productdetails/139734/mccain-quick-cook-fries-shoestring-crunchy,https://assets.woolworths.com.au/images/1005/139734.jpg?impolicy=wowsmkqiema&w=260&h=260,,,,,, Save to list 
National Pies Classic Beef Pie Single 180g,https://www.woolworths.com.au/shop/productdetails/170572/national-pies-classic-beef-pie-single-null,https://assets.woolworths.com.au/images/1005/170572.jpg?impolicy=wowsmkqiema&w=260&h=260,$2.35,$1.31 / 100G,5.0,2, Add to cart , Save to list 
Sealord Australian Hoki Wholemeal Crumb Wild Caught Fillets 300g,https://www.woolworths.com.au/shop/productdetails/178458/sealord-australian-hoki-wholemeal-crumb-wild-caught-fillets,https://assets.woolworths.com.au/images/1005/178458.jpg?impolicy=wowsmkqiema&w=260&h=260,$9.00,$30.00 / 1KG,,, Add to cart , Save to list 
Sealord Hoki Fillets Tempura Battered 450g,https://www.woolworths.com.au/shop/productdetails/355541/sealord-hoki-fillets-tempura-battered,https://assets.woolworths.com.au/images/1005/355541.jpg?impolicy=wowsmkqiema&w=260&h=260,$9.00,$20.00 / 1KG,4.3,21, Add to cart , Save to list 
Mrs Macs Pies Beef 700g,https://www.woolworths.com.au/shop/productdetails/766402/mrs-macs-pies-beef,https://assets.woolworths.com.au/images/1005/766402.jpg?impolicy=wowsmkqiema&w=260&h=260,$9.50,$1.36 / 100G,5.0,2, Add to cart , Save to list 
Aussie Frozen Fruit 100% Australian Blueberries 400g,https://www.woolworths.com.au/shop/productdetails/91595/aussie-frozen-fruit-100-australian-blueberries,https://assets.woolworths.com.au/images/1005/91595.jpg?impolicy=wowsmkqiema&w=260&h=260,$7.00,$17.50 / 1KG,4.5,44, Add to cart , Save to list 
Birds Eye Microwave Chips Crinkle 140g,https://www.woolworths.com.au/shop/productdetails/802663/birds-eye-microwave-chips-crinkle,https://assets.woolworths.com.au/images/1005/802663.jpg?impolicy=wowsmkqiema&w=260&h=260,$3.00,$21.43 / 1KG,3.8,65, Add to cart , Save to list 
Ingham's Chicken Breast Schnitzel Gluten Free 400g,https://www.woolworths.com.au/shop/productdetails/763681/ingham-s-chicken-breast-schnitzel-gluten-free,https://assets.woolworths.com.au/images/1005/763681.jpg?impolicy=wowsmkqiema&w=260&h=260,,,4.5,24,, Save to list 
Herbert Adams Pies Chunky Slow Cooked Beef & Mush 2 Pack,https://www.woolworths.com.au/shop/productdetails/786269/herbert-adams-pies-chunky-slow-cooked-beef-mush,https://assets.woolworths.com.au/images/1005/786269.jpg?impolicy=wowsmkqiema&w=260&h=260,$9.00,$2.25 / 100G,4.7,26, Add to cart , Save to list 
Macro Organic Frozen Blueberries 450g,https://www.woolworths.com.au/shop/productdetails/815126/macro-organic-frozen-blueberries,https://assets.woolworths.com.au/images/1005/815126.jpg?impolicy=wowsmkqiema&w=260&h=260,$8.80,$19.56 / 1KG,4.5,1054, Add to cart , Save to list 
Bulla Creamy Classics Ice Cream Vanilla 2l,https://www.woolworths.com.au/shop/productdetails/191043/bulla-creamy-classics-ice-cream-vanilla,https://assets.woolworths.com.au/images/1005/191043.jpg?impolicy=wowsmkqiema&w=260&h=260,$5.00,$0.25 / 100ML,4.8,167, Add to cart , Save to list 
Mccain Mixed Vegetables Peas Corn & Carrot 2kg,https://www.woolworths.com.au/shop/productdetails/322789/mccain-mixed-vegetables-peas-corn-carrot,https://assets.woolworths.com.au/images/1005/322789.jpg?impolicy=wowsmkqiema&w=260&h=260,$12.00,$6.00 / 1KG,4.8,19, Add to cart , Save to list 
Twisted Frozen Yoghurt Chocolate & Cookie 1l,https://www.woolworths.com.au/shop/productdetails/221825/twisted-frozen-yoghurt-chocolate-cookie,https://assets.woolworths.com.au/images/1005/221825.jpg?impolicy=wowsmkqiema&w=260&h=260,$9.50,$0.95 / 100ML,,, Add to cart , Save to list 
Notco Notburger Plant Based Burger 100g,https://www.woolworths.com.au/shop/productdetails/218861/notco-notburger-plant-based-burger,https://assets.woolworths.com.au/images/1005/218861.jpg?impolicy=wowsmkqiema&w=260&h=260,$1.85,$1.85 / 100G,,, Add to cart , Save to list 
Temptation Bakeries Quiche Tasty Cheese & Bacon 2 Pack,https://www.woolworths.com.au/shop/productdetails/356078/temptation-bakeries-quiche-tasty-cheese-bacon,https://assets.woolworths.com.au/images/1005/356078.jpg?impolicy=wowsmkqiema&w=260&h=260,$5.00,$1.79 / 100G,4.5,19, Add to cart , Save to list 
Birds Eye Microwave Chips Shoestring 140g,https://www.woolworths.com.au/shop/productdetails/802660/birds-eye-microwave-chips-shoestring,https://assets.woolworths.com.au/images/1005/802660.jpg?impolicy=wowsmkqiema&w=260&h=260,$3.00,$21.43 / 1KG,4.2,53, Add to cart , Save to list 
"Herbert Adams Slow Cooked Beef, Caramelised Onion & Cabernet Sauvignon 2 Pack",https://www.woolworths.com.au/shop/productdetails/680602/herbert-adams-slow-cooked-beef-caramelised-onion-cabernet-sauvignon,https://assets.woolworths.com.au/images/1005/680602.jpg?impolicy=wowsmkqiema&w=260&h=260,$9.00,$2.25 / 100G,4.7,23, Add to cart , Save to list 
Hong Kong Dim Sim Kitchen Pork & Chive Dumplings 300g,https://www.woolworths.com.au/shop/productdetails/162544/hong-kong-dim-sim-kitchen-pork-chive-dumplings,https://assets.woolworths.com.au/images/1005/162544.jpg?impolicy=wowsmkqiema&w=260&h=260,$8.00,$2.67 / 100G,5.0,1, Add to cart , Save to list 
Strong Roots Oven Baked Sweet Potato Fries 500g,https://www.woolworths.com.au/shop/productdetails/219431/strong-roots-oven-baked-sweet-potato-fries,https://assets.woolworths.com.au/images/1005/219431.jpg?impolicy=wowsmkqiema&w=260&h=260,$6.50,$13.00 / 1KG,,, Add to cart , Save to list 
Ingham's Chicken Breast Tenders Gluten Free 400g,https://www.woolworths.com.au/shop/productdetails/763672/ingham-s-chicken-breast-tenders-gluten-free,https://assets.woolworths.com.au/images/1005/763672.jpg?impolicy=wowsmkqiema&w=260&h=260,$9.75,$2.44 / 100G,4.7,35, Add to cart , Save to list 
Quorn Garlic & Herb Fillets Frozen Meal 2 Pack,https://www.woolworths.com.au/shop/productdetails/822844/quorn-garlic-herb-fillets-frozen-meal,https://assets.woolworths.com.au/images/1005/822844.jpg?impolicy=wowsmkqiema&w=260&h=260,$7.00,$3.50 / 100G,,, Add to cart , Save to list 
Mccain Peas Baby 1kg,https://www.woolworths.com.au/shop/productdetails/93371/mccain-peas-baby,https://assets.woolworths.com.au/images/1005/93371.jpg?impolicy=wowsmkqiema&w=260&h=260,$6.60,$6.60 / 1KG,4.7,50, Add to cart , Save to list 
On The Menu Beef Rissole Frozen Meal 320g,https://www.woolworths.com.au/shop/productdetails/56012/on-the-menu-beef-rissole-frozen-meal,https://assets.woolworths.com.au/images/1005/56012.jpg?impolicy=wowsmkqiema&w=260&h=260,$6.00,$1.88 / 100G,4.3,28, Add to cart , Save to list 
Woolworths Chicken Breast Sweet Chilli Tenders 1kg,https://www.woolworths.com.au/shop/productdetails/179958/woolworths-chicken-breast-sweet-chilli-tenders,https://assets.woolworths.com.au/images/1005/179958.jpg?impolicy=wowsmkqiema&w=260&h=260,,,4.6,117,, Save to list 
Birds Eye Deli Roast Duck Fat Potatoes Fat 600g,https://www.woolworths.com.au/shop/productdetails/8052/birds-eye-deli-roast-duck-fat-potatoes-fat,https://assets.woolworths.com.au/images/1005/8052.jpg?impolicy=wowsmkqiema&w=260&h=260,,,4.3,32,, Save to list 
Woolworths Spaghetti Bolognese Frozen Meal 375g,https://www.woolworths.com.au/shop/productdetails/70787/woolworths-spaghetti-bolognese-frozen-meal,https://assets.woolworths.com.au/images/1005/70787.jpg?impolicy=wowsmkqiema&w=260&h=260,$3.30,$0.88 / 100G,3.9,796, Add to cart , Save to list 
Woolworths Beef Lasagne 375g,https://www.woolworths.com.au/shop/productdetails/694853/woolworths-beef-lasagne-null,https://assets.woolworths.com.au/images/1005/694853.jpg?impolicy=wowsmkqiema&w=260&h=260,$3.30,$0.88 / 100G,4.4,28, Add to cart , Save to list 
Temptation Bakeries Quiche Petite Cheese & Spinach 300g,https://www.woolworths.com.au/shop/productdetails/249392/temptation-bakeries-quiche-petite-cheese-spinach,https://assets.woolworths.com.au/images/1005/249392.jpg?impolicy=wowsmkqiema&w=260&h=260,$7.50,$2.50 / 100G,4.4,12, Add to cart , Save to list 
Peters Original Twin Pole Pineapple & Raspberry 8 Pack,https://www.woolworths.com.au/shop/productdetails/179265/peters-original-twin-pole-pineapple-raspberry,https://assets.woolworths.com.au/images/1005/179265.jpg?impolicy=wowsmkqiema&w=260&h=260,$5.50,$0.93 / 100ML,5.0,1, Add to cart , Save to list 
Temptation Bakeries Petite Quiche 30 Pack,https://www.woolworths.com.au/shop/productdetails/745513/temptation-bakeries-petite-quiche-null,https://assets.woolworths.com.au/images/1005/745513.jpg?impolicy=wowsmkqiema&w=260&h=260,$10.00,$2.00 / 100G,4.3,18, Add to cart , Save to list 
Peters Drumstick Ice Cream Vanilla 16 Pack,https://www.woolworths.com.au/shop/productdetails/320693/peters-drumstick-ice-cream-vanilla,https://assets.woolworths.com.au/images/1005/320693.jpg?impolicy=wowsmkqiema&w=260&h=260,$20.00,$1.05 / 100ML,4.9,70, Add to cart , Save to list 
Peters Frosty Fruits Watermelon 8 Pack,https://www.woolworths.com.au/shop/productdetails/815730/peters-frosty-fruits-watermelon,https://assets.woolworths.com.au/images/1005/815730.jpg?impolicy=wowsmkqiema&w=260&h=260,,,4.5,22,, Save to list 
"Snickers White Choc, Caramel & Peanut Frozen Dessert Bar 6 Pack",https://www.woolworths.com.au/shop/productdetails/867684/snickers-white-choc-caramel-peanut-frozen-dessert-bar,https://assets.woolworths.com.au/images/1005/867684.jpg?impolicy=wowsmkqiema&w=260&h=260,$9.00,$3.41 / 100ML,,, Add to cart , Save to list 
Sambazon Berry Bliss Acai Bowl 173g,https://www.woolworths.com.au/shop/productdetails/210776/sambazon-berry-bliss-acai-bowl,https://assets.woolworths.com.au/images/1005/210776.jpg?impolicy=wowsmkqiema&w=260&h=260,$6.00,$34.68 / 1KG,,, Add to cart , Save to list 
Borg's Shortcrust Pastry Value 1.7kg,https://www.woolworths.com.au/shop/productdetails/252659/borg-s-shortcrust-pastry-value,https://assets.woolworths.com.au/images/1005/252659.jpg?impolicy=wowsmkqiema&w=260&h=260,$7.30,$0.43 / 100G,4.3,14, Add to cart , Save to list 
Paddle Pop Water Ice Cyclone 8 Pack,https://www.woolworths.com.au/shop/productdetails/199982/paddle-pop-water-ice-cyclone,https://assets.woolworths.com.au/images/1005/199982.jpg?impolicy=wowsmkqiema&w=260&h=260,,,4.7,41,, Save to list 
Annabel Karmel Bolognese Pasta Bake Frozen Meal 200g,https://www.woolworths.com.au/shop/productdetails/544364/annabel-karmel-bolognese-pasta-bake-frozen-meal,https://assets.woolworths.com.au/images/1005/544364.jpg?impolicy=wowsmkqiema&w=260&h=260,$3.50,$1.75 / 100G,4.6,13, Add to cart , Save to list 
Dr. Oetker Ristorante Pizza Hawaiian 355g,https://www.woolworths.com.au/shop/productdetails/705357/dr-oetker-ristorante-pizza-hawaiian,https://assets.woolworths.com.au/images/1005/705357.jpg?impolicy=wowsmkqiema&w=260&h=260,$6.00,$1.69 / 100G,4.6,35, Add to cart , Save to list 
"Birds Eye Snap Frozen Spring Green Mix Green Beans, Peas & Broccoli 1kg",https://www.woolworths.com.au/shop/productdetails/705695/birds-eye-snap-frozen-spring-green-mix-green-beans-peas-broccoli,https://assets.woolworths.com.au/images/1005/705695.jpg?impolicy=wowsmkqiema&w=260&h=260,,,4.6,26,, Save to list 
Mccain Pizza Slice Snacks Ham & Pineapple 2 Pack,https://www.woolworths.com.au/shop/productdetails/3496/mccain-pizza-slice-snacks-ham-pineapple,https://assets.woolworths.com.au/images/1005/3496.jpg?impolicy=wowsmkqiema&w=260&h=260,$9.00,$1.50 / 100G,4.2,34, Add to cart , Save to list 
Woolworths Crumbed Prawn Cutlets 500g,https://www.woolworths.com.au/shop/productdetails/445351/woolworths-crumbed-prawn-cutlets,https://assets.woolworths.com.au/images/1005/445351.jpg?impolicy=wowsmkqiema&w=260&h=260,$9.00,$18.00 / 1KG,,, Add to cart , Save to list 
Lean Cuisine Beef Stroganoff With Pasta Frozen Meal 280g,https://www.woolworths.com.au/shop/productdetails/116982/lean-cuisine-beef-stroganoff-with-pasta-frozen-meal,https://assets.woolworths.com.au/images/1005/116982.jpg?impolicy=wowsmkqiema&w=260&h=260,$5.00,$1.79 / 100G,,, Add to cart , Save to list 
Four'n Twenty Angus Beef & Pepper Pies 4 Pack,https://www.woolworths.com.au/shop/productdetails/86469/four-n-twenty-angus-beef-pepper-pies,https://assets.woolworths.com.au/images/1005/86469.jpg?impolicy=wowsmkqiema&w=260&h=260,$7.70,$1.10 / 100G,,, Add to cart , Save to list 
Woolworths Vanilla Ice Cream Sandwich 440ml 4 Pack,https://www.woolworths.com.au/shop/productdetails/830211/woolworths-vanilla-ice-cream-sandwich,https://assets.woolworths.com.au/images/1005/830211.jpg?impolicy=wowsmkqiema&w=260&h=260,$3.20,$0.73 / 100ML,3.8,786, Add to cart , Save to list 
Pasta Italia Spinach & Ricotta Ravioli 400g,https://www.woolworths.com.au/shop/productdetails/142437/pasta-italia-spinach-ricotta-ravioli-null,https://assets.woolworths.com.au/images/1005/142437.jpg?impolicy=wowsmkqiema&w=260&h=260,$6.00,$1.50 / 100G,,, Add to cart , Save to list 
Strength Meals Co Pulled Beef Lasagne 350g,https://www.woolworths.com.au/shop/productdetails/141131/strength-meals-co-pulled-beef-lasagne-null,https://assets.woolworths.com.au/images/1005/141131.jpg?impolicy=wowsmkqiema&w=260&h=260,$9.50,$2.71 / 100G,3.9,297, Add to cart , Save to list 
Woolworths Frozen Pitted Cherries 500g,https://www.woolworths.com.au/shop/productdetails/777912/woolworths-frozen-pitted-cherries,https://assets.woolworths.com.au/images/1005/777912.jpg?impolicy=wowsmkqiema&w=260&h=260,$6.20,$12.40 / 1KG,4.6,71, Add to cart , Save to list 
Woolworths Mini Variety Pack Classic Flavous Ice Cream Sticks 12 Pack,https://www.woolworths.com.au/shop/productdetails/137622/woolworths-mini-variety-pack-classic-flavous-ice-cream-sticks,https://assets.woolworths.com.au/images/1005/137622.jpg?impolicy=wowsmkqiema&w=260&h=260,$5.50,$0.92 / 100ML,3.0,1, Add to cart , Save to list 
Birds Eye Deli Hash Browns Sea Salt 500g,https://www.woolworths.com.au/shop/productdetails/139066/birds-eye-deli-hash-browns-sea-salt,https://assets.woolworths.com.au/images/1005/139066.jpg?impolicy=wowsmkqiema&w=260&h=260,$5.30,$10.60 / 1KG,,, Add to cart , Save to list 
Sealord Australian Hoki Fish Bites Classic Crumb 400g,https://www.woolworths.com.au/shop/productdetails/178418/sealord-australian-hoki-fish-bites-classic-crumb,https://assets.woolworths.com.au/images/1005/178418.jpg?impolicy=wowsmkqiema&w=260&h=260,$10.50,$26.25 / 1KG,,, Add to cart , Save to list 
Mccain Quick Cook Hash Browns Crunchy 525g,https://www.woolworths.com.au/shop/productdetails/225358/mccain-quick-cook-hash-browns-crunchy,https://assets.woolworths.com.au/images/1005/225358.jpg?impolicy=wowsmkqiema&w=260&h=260,,,,,, Save to list 
Paddle Pop Streets Chocolate Ice Cream 68ml X 8 Pack,https://www.woolworths.com.au/shop/productdetails/107082/paddle-pop-streets-chocolate-ice-cream,https://assets.woolworths.com.au/images/1005/107082.jpg?impolicy=wowsmkqiema&w=260&h=260,$9.00,$1.65 / 100ML,,, Add to cart , Save to list 
Jase's Kitchen Gluten Free Spinach & Ricotta Rolls 2 Pack,https://www.woolworths.com.au/shop/productdetails/101599/jase-s-kitchen-gluten-free-spinach-ricotta-rolls,https://assets.woolworths.com.au/images/1005/101599.jpg?impolicy=wowsmkqiema&w=260&h=260,$5.20,$2.00 / 100G,,, Add to cart , Save to list 
Sambazon Amazon Superberry Acai Bowl 173g,https://www.woolworths.com.au/shop/productdetails/210665/sambazon-amazon-superberry-acai-bowl,https://assets.woolworths.com.au/images/1005/210665.jpg?impolicy=wowsmkqiema&w=260&h=260,$6.00,$34.68 / 1KG,,, Add to cart , Save to list 
Woolworths Ice Cream Cones Boysenberry 475ml,https://www.woolworths.com.au/shop/productdetails/792235/woolworths-ice-cream-cones-boysenberry,https://assets.woolworths.com.au/images/1005/792235.jpg?impolicy=wowsmkqiema&w=260&h=260,,,4.3,547,, Save to list 
Mccain Rustica Sourdough Smoked Ham & Aged Cheddar Pizza 410g,https://www.woolworths.com.au/shop/productdetails/136642/mccain-rustica-sourdough-smoked-ham-aged-cheddar-pizza,https://assets.woolworths.com.au/images/1005/136642.jpg?impolicy=wowsmkqiema&w=260&h=260,$7.00,$1.71 / 100G,,, Add to cart , Save to list 
Ingham's Crumbed Chicken Breast Nuggets 400g,https://www.woolworths.com.au/shop/productdetails/262490/ingham-s-crumbed-chicken-breast-nuggets,https://assets.woolworths.com.au/images/1005/262490.jpg?impolicy=wowsmkqiema&w=260&h=260,$5.50,$13.75 / 1KG,4.4,21, Add to cart , Save to list 
Ingham's Buffalo Chicken Wing Dings 1kg,https://www.woolworths.com.au/shop/productdetails/122182/ingham-s-buffalo-chicken-wing-dings,https://assets.woolworths.com.au/images/1005/122182.jpg?impolicy=wowsmkqiema&w=260&h=260,$13.00,$13.00 / 1KG,5.0,1, Add to cart , Save to list 
Essentials Beef Lasagne 400g,https://www.woolworths.com.au/shop/productdetails/27756/essentials-beef-lasagne-null,https://assets.woolworths.com.au/images/1005/27756.jpg?impolicy=wowsmkqiema&w=260&h=260,$2.50,$0.63 / 100G,3.6,949, Add to cart , Save to list 
Golden Gaytime Streets Ice Cream Original Original 100ml X 4 Pack,https://www.woolworths.com.au/shop/productdetails/169430/golden-gaytime-streets-ice-cream-original-original,https://assets.woolworths.com.au/images/1005/169430.jpg?impolicy=wowsmkqiema&w=260&h=260,$10.00,$2.50 / 100ML,4.8,60, Add to cart , Save to list 
Woolworths Plantitude Chicken Free Sweet Chilli Tenders Mild 300g,https://www.woolworths.com.au/shop/productdetails/179955/woolworths-plantitude-chicken-free-sweet-chilli-tenders-mild,https://assets.woolworths.com.au/images/1005/179955.jpg?impolicy=wowsmkqiema&w=260&h=260,,,4.1,137,, Save to list 
Sara Lee Strawberry Cheesecake 410g,https://www.woolworths.com.au/shop/productdetails/263645/sara-lee-strawberry-cheesecake,https://assets.woolworths.com.au/images/1005/263645.jpg?impolicy=wowsmkqiema&w=260&h=260,$7.50,$1.83 / 100G,4.5,13, Add to cart , Save to list 
Woolworths Chicken Breast Garlic & Herb Kyiv 350g,https://www.woolworths.com.au/shop/productdetails/733774/woolworths-chicken-breast-garlic-herb-kyiv,https://assets.woolworths.com.au/images/1005/733774.jpg?impolicy=wowsmkqiema&w=260&h=260,$5.50,$15.71 / 1KG,4.0,366, Add to cart , Save to list 
Four'n Twenty Traveller Hi Protein Beef Pie 160g,https://www.woolworths.com.au/shop/productdetails/220982/four-n-twenty-traveller-hi-protein-beef-pie,https://assets.woolworths.com.au/images/1005/220982.jpg?impolicy=wowsmkqiema&w=260&h=260,$4.00,$2.50 / 100G,,, Add to cart , Save to list 
Creative Gourmet Frozen Pineapple Pieces 500g,https://www.woolworths.com.au/shop/productdetails/532343/creative-gourmet-frozen-pineapple-pieces,https://assets.woolworths.com.au/images/1005/532343.jpg?impolicy=wowsmkqiema&w=260&h=260,$4.50,$9.00 / 1KG,4.8,25, Add to cart , Save to list 
Devour Parmesan Crusted Tuna Melt Pasta Frozen 400g,https://www.woolworths.com.au/shop/productdetails/103716/devour-parmesan-crusted-tuna-melt-pasta-frozen,https://assets.woolworths.com.au/images/1005/103716.jpg?impolicy=wowsmkqiema&w=260&h=260,$8.00,$2.00 / 100G,5.0,1, Add to cart , Save to list 
Peters Drumstick Minis Ice Cream Vanilla 6 Pack,https://www.woolworths.com.au/shop/productdetails/259674/peters-drumstick-minis-ice-cream-vanilla,https://assets.woolworths.com.au/images/1005/259674.jpg?impolicy=wowsmkqiema&w=260&h=260,$6.50,$1.33 / 100ML,4.8,38, Add to cart , Save to list 
Ingham's Crumbed Chicken Kiev Garlic Butter Frozen Meal 350g,https://www.woolworths.com.au/shop/productdetails/79509/ingham-s-crumbed-chicken-kiev-garlic-butter-frozen-meal,https://assets.woolworths.com.au/images/1005/79509.jpg?impolicy=wowsmkqiema&w=260&h=260,$12.50,$35.71 / 1KG,4.5,47, Add to cart , Save to list 
Proud & Punch Choc Banana Smoothie Pops 6 Pack,https://www.woolworths.com.au/shop/productdetails/63821/proud-punch-choc-banana-smoothie-pops,https://assets.woolworths.com.au/images/1005/63821.jpg?impolicy=wowsmkqiema&w=260&h=260,$8.50,$1.37 / 100ML,4.4,38, Add to cart , Save to list 
Amazonia Acai Energy Guarana Blend 100g X4 Pack,https://www.woolworths.com.au/shop/productdetails/706577/amazonia-acai-energy-guarana-blend,https://assets.woolworths.com.au/images/1005/706577.jpg?impolicy=wowsmkqiema&w=260&h=260,$5.50,$13.75 / 1KG,4.8,10, Add to cart , Save to list 
Woolworths Ice Cream Cones Caramel 475ml,https://www.woolworths.com.au/shop/productdetails/792234/woolworths-ice-cream-cones-caramel,https://assets.woolworths.com.au/images/1005/792234.jpg?impolicy=wowsmkqiema&w=260&h=260,,,4.6,402,, Save to list 
Woolworths Peppermint Chocolate Flakes Ice Cream Sandwich 4 Pack,https://www.woolworths.com.au/shop/productdetails/682383/woolworths-peppermint-chocolate-flakes-ice-cream-sandwich,https://assets.woolworths.com.au/images/1005/682383.jpg?impolicy=wowsmkqiema&w=260&h=260,$3.20,$0.73 / 100ML,4.3,535, Add to cart , Save to list 
Strong Roots The Pumpkin & Spinach Burger 300g,https://www.woolworths.com.au/shop/productdetails/147778/strong-roots-the-pumpkin-spinach-burger-null,https://assets.woolworths.com.au/images/1005/147778.jpg?impolicy=wowsmkqiema&w=260&h=260,$5.50,$1.83 / 100G,,, Add to cart , Save to list 
Mccain Pub Size Chicken Kiev Frozen Meal 480g,https://www.woolworths.com.au/shop/productdetails/679366/mccain-pub-size-chicken-kiev-frozen-meal,https://assets.woolworths.com.au/images/1005/679366.jpg?impolicy=wowsmkqiema&w=260&h=260,$7.50,$1.56 / 100G,4.2,30, Add to cart , Save to list 
Sealord Australian Hoki Parmesan & Rosemary Ciabatta Crumb 300g,https://www.woolworths.com.au/shop/productdetails/178457/sealord-australian-hoki-parmesan-rosemary-ciabatta-crumb,https://assets.woolworths.com.au/images/1005/178457.jpg?impolicy=wowsmkqiema&w=260&h=260,$9.00,$30.00 / 1KG,,, Add to cart , Save to list 
On The Menu Cottage Pie Frozen Meal 260g,https://www.woolworths.com.au/shop/productdetails/838692/on-the-menu-cottage-pie-frozen-meal,https://assets.woolworths.com.au/images/1005/838692.jpg?impolicy=wowsmkqiema&w=260&h=260,$3.30,$1.27 / 100G,4.1,38, Add to cart , Save to list 
Amazonia Acai Sorbet Original 500ml,https://www.woolworths.com.au/shop/productdetails/217200/amazonia-acai-sorbet-original,https://assets.woolworths.com.au/images/1005/217200.jpg?impolicy=wowsmkqiema&w=260&h=260,$9.50,$1.90 / 100ML,,, Add to cart , Save to list 
Strong Roots The Kale & Quinoa Burger 300g,https://www.woolworths.com.au/shop/productdetails/147779/strong-roots-the-kale-quinoa-burger-null,https://assets.woolworths.com.au/images/1005/147779.jpg?impolicy=wowsmkqiema&w=260&h=260,$1.44,$0.48 / 100G,,, Add to cart , Save to list 
Calippo Streets Mini Water Ice Block Raspberry Pineapple 10 Pack,https://www.woolworths.com.au/shop/productdetails/279904/calippo-streets-mini-water-ice-block-raspberry-pineapple,https://assets.woolworths.com.au/images/1005/279904.jpg?impolicy=wowsmkqiema&w=260&h=260,,,4.8,28,, Save to list 
Four'n Twenty Pies Chicken & Vegetable 4 Pack,https://www.woolworths.com.au/shop/productdetails/37772/four-n-twenty-pies-chicken-vegetable,https://assets.woolworths.com.au/images/1005/37772.jpg?impolicy=wowsmkqiema&w=260&h=260,,,4.2,23,, Save to list 
On The Menu Chicken Fettucine Frozen Meal 260g,https://www.woolworths.com.au/shop/productdetails/838678/on-the-menu-chicken-fettucine-frozen-meal,https://assets.woolworths.com.au/images/1005/838678.jpg?impolicy=wowsmkqiema&w=260&h=260,$3.30,$1.27 / 100G,3.7,23, Add to cart , Save to list 
Woolworths Truffle Polenta Chip 250g,https://www.woolworths.com.au/shop/productdetails/136887/woolworths-truffle-polenta-chip,https://assets.woolworths.com.au/images/1005/136887.jpg?impolicy=wowsmkqiema&w=260&h=260,$7.20,$2.88 / 100G,3.8,328, Add to cart , Save to list 
Annabel Karmel Veggie Pasta Bake Frozen Meal 200g,https://www.woolworths.com.au/shop/productdetails/544368/annabel-karmel-veggie-pasta-bake-frozen-meal,https://assets.woolworths.com.au/images/1005/544368.jpg?impolicy=wowsmkqiema&w=260&h=260,$3.50,$1.75 / 100G,4.6,10, Add to cart , Save to list 
Super Nature Super Lunch Pad Thai Chicken 350g,https://www.woolworths.com.au/shop/productdetails/482908/super-nature-super-lunch-pad-thai-chicken-null,https://assets.woolworths.com.au/images/1005/482908.jpg?impolicy=wowsmkqiema&w=260&h=260,$6.50,$1.86 / 100G,4.9,23, Add to cart , Save to list 
Peters Drumstick Plant Based Classic Vanilla Cones 4 Pack,https://www.woolworths.com.au/shop/productdetails/191772/peters-drumstick-plant-based-classic-vanilla-cones,https://assets.woolworths.com.au/images/1005/191772.jpg?impolicy=wowsmkqiema&w=260&h=260,$6.50,$1.37 / 100ML,,, Add to cart , Save to list 
Earth Plant Based Meat Free Lasagne 350g,https://www.woolworths.com.au/shop/productdetails/113129/earth-plant-based-meat-free-lasagne-null,https://assets.woolworths.com.au/images/1005/113129.jpg?impolicy=wowsmkqiema&w=260&h=260,$7.00,$2.00 / 100G,,, Add to cart , Save to list 
Bell Farms Snap Frozen Cauliflower Florets 500g,https://www.woolworths.com.au/shop/productdetails/120140/bell-farms-snap-frozen-cauliflower-florets,https://assets.woolworths.com.au/images/1005/120140.jpg?impolicy=wowsmkqiema&w=260&h=260,,,4.2,836,, Save to list 
On The Menu Beef Ragu Pappardelle Frozen Meal 260g,https://www.woolworths.com.au/shop/productdetails/574780/on-the-menu-beef-ragu-pappardelle-frozen-meal,https://assets.woolworths.com.au/images/1005/574780.jpg?impolicy=wowsmkqiema&w=260&h=260,$3.30,$1.27 / 100G,4.4,28, Add to cart , Save to list 
Annabel Karmel Butter Chicken & Rice Frozen Meal 200g,https://www.woolworths.com.au/shop/productdetails/544693/annabel-karmel-butter-chicken-rice-frozen-meal,https://assets.woolworths.com.au/images/1005/544693.jpg?impolicy=wowsmkqiema&w=260&h=260,$3.50,$1.75 / 100G,4.9,13, Add to cart , Save to list 
Birds Eye Frozen Southern Blue Whiting In Original Crumb 14 Pack,https://www.woolworths.com.au/shop/productdetails/203570/birds-eye-frozen-southern-blue-whiting-in-original-crumb,https://assets.woolworths.com.au/images/1005/203570.jpg?impolicy=wowsmkqiema&w=260&h=260,$17.00,$17.00 / 1KG,,, Add to cart , Save to list 
Gelativo Gelato Coffee 1l Tub,https://www.woolworths.com.au/shop/productdetails/823887/gelativo-gelato-coffee,https://assets.woolworths.com.au/images/1005/823887.jpg?impolicy=wowsmkqiema&w=260&h=260,$6.00,$0.60 / 100ML,4.8,16, Add to cart , Save to list 
Lean Cuisine Thai Green Chicken Curry With Rice Frozen Meal 280g,https://www.woolworths.com.au/shop/productdetails/116878/lean-cuisine-thai-green-chicken-curry-with-rice-frozen-meal,https://assets.woolworths.com.au/images/1005/116878.jpg?impolicy=wowsmkqiema&w=260&h=260,$5.00,$1.79 / 100G,,, Add to cart , Save to list 
Mccain Supreme Pizza 500g,https://www.woolworths.com.au/shop/productdetails/96415/mccain-supreme-pizza,https://assets.woolworths.com.au/images/1005/96415.jpg?impolicy=wowsmkqiema&w=260&h=260,$8.50,$1.70 / 100G,3.9,45, Add to cart , Save to list 
Super Nature Super Pulses Thai Green Chicken Curry Frozen Meal 300g,https://www.woolworths.com.au/shop/productdetails/691815/super-nature-super-pulses-thai-green-chicken-curry-frozen-meal,https://assets.woolworths.com.au/images/1005/691815.jpg?impolicy=wowsmkqiema&w=260&h=260,$4.30,$1.43 / 100G,4.5,11, Add to cart , Save to list 
Plantry Plant Based Food Green Curry 350g,https://www.woolworths.com.au/shop/productdetails/112379/plantry-plant-based-food-green-curry-null,https://assets.woolworths.com.au/images/1005/112379.jpg?impolicy=wowsmkqiema&w=260&h=260,$7.50,$2.14 / 100G,,, Add to cart , Save to list 
Woolworths Frozen Pizza Hawaiian 500g,https://www.woolworths.com.au/shop/productdetails/508041/woolworths-frozen-pizza-hawaiian,https://assets.woolworths.com.au/images/1005/508041.jpg?impolicy=wowsmkqiema&w=260&h=260,$5.00,$1.00 / 100G,3.2,1413, Add to cart , Save to list 
Sara Lee Ice Cream Indulgence Rocky Road Overload 1l Tub,https://www.woolworths.com.au/shop/productdetails/215514/sara-lee-ice-cream-indulgence-rocky-road-overload,https://assets.woolworths.com.au/images/1005/215514.jpg?impolicy=wowsmkqiema&w=260&h=260,$9.00,$0.90 / 100ML,4.8,27, Add to cart , Save to list 
Super Nature Wellness Bowl Mexican Chicken Burrito Frozen Meal 350g,https://www.woolworths.com.au/shop/productdetails/180022/super-nature-wellness-bowl-mexican-chicken-burrito-frozen-meal,https://assets.woolworths.com.au/images/1005/180022.jpg?impolicy=wowsmkqiema&w=260&h=260,$6.50,$1.86 / 100G,,, Add to cart , Save to list 
Annabel Karmel Cottage Pie 200g,https://www.woolworths.com.au/shop/productdetails/544365/annabel-karmel-cottage-pie-null,https://assets.woolworths.com.au/images/1005/544365.jpg?impolicy=wowsmkqiema&w=260&h=260,$3.50,$1.75 / 100G,4.6,19, Add to cart , Save to list 
Rani Superior Punjabi Samosas 6 Pack,https://www.woolworths.com.au/shop/productdetails/247937/rani-superior-punjabi-samosas,https://assets.woolworths.com.au/images/1005/247937.jpg?impolicy=wowsmkqiema&w=260&h=260,$5.50,$1.22 / 100G,,, Add to cart , Save to list 
Super Nature Super Foods Mediterranean Polenta Frozen Meal 350g,https://www.woolworths.com.au/shop/productdetails/574785/super-nature-super-foods-mediterranean-polenta-frozen-meal,https://assets.woolworths.com.au/images/1005/574785.jpg?impolicy=wowsmkqiema&w=260&h=260,$6.50,$1.86 / 100G,4.8,14, Add to cart , Save to list 
Mccain Straight Cut Healthy Choice 1kg,https://www.woolworths.com.au/shop/productdetails/16536/mccain-straight-cut-healthy-choice,https://assets.woolworths.com.au/images/1005/16536.jpg?impolicy=wowsmkqiema&w=260&h=260,,,4.1,34,, Save to list 
Woolworths Prep Set Go Frozen Steamed Carrot Corn & Broccoli 450g,https://www.woolworths.com.au/shop/productdetails/140499/woolworths-prep-set-go-frozen-steamed-carrot-corn-broccoli,https://assets.woolworths.com.au/images/1005/140499.jpg?impolicy=wowsmkqiema&w=260&h=260,$4.00,$8.89 / 1KG,4.0,734, Add to cart , Save to list 
Annabel Karmel Spaghetti & Meatballs 200g,https://www.woolworths.com.au/shop/productdetails/544369/annabel-karmel-spaghetti-meatballs-null,https://assets.woolworths.com.au/images/1005/544369.jpg?impolicy=wowsmkqiema&w=260&h=260,$3.50,$1.75 / 100G,4.9,11, Add to cart , Save to list 
"Birds Eye Snap Frozen Peas, Corn & Capsicum 500g",https://www.woolworths.com.au/shop/productdetails/370801/birds-eye-snap-frozen-peas-corn-capsicum,https://assets.woolworths.com.au/images/1005/370801.jpg?impolicy=wowsmkqiema&w=260&h=260,$4.00,$8.00 / 1KG,4.7,37, Add to cart , Save to list 
Strong Roots Sweet Potato Hash Brown 350g,https://www.woolworths.com.au/shop/productdetails/219430/strong-roots-sweet-potato-hash-brown,https://assets.woolworths.com.au/images/1005/219430.jpg?impolicy=wowsmkqiema&w=260&h=260,$6.50,$18.57 / 1KG,,, Add to cart , Save to list 
Mccain Pub Size Chicken Bacon Bake Frozen Meal 480g,https://www.woolworths.com.au/shop/productdetails/817102/mccain-pub-size-chicken-bacon-bake-frozen-meal,https://assets.woolworths.com.au/images/1005/817102.jpg?impolicy=wowsmkqiema&w=260&h=260,$7.50,$1.56 / 100G,4.5,23, Add to cart , Save to list 
Twisted Frozen Yoghurt Raspberry & White Chocolate 1l,https://www.woolworths.com.au/shop/productdetails/246847/twisted-frozen-yoghurt-raspberry-white-chocolate,https://assets.woolworths.com.au/images/1005/246847.jpg?impolicy=wowsmkqiema&w=260&h=260,,,,,, Save to list 
Blue Ribbon Streets Light Vanilla Reduced Fat Ice Cream Dessert Tub 2l,https://www.woolworths.com.au/shop/productdetails/684/blue-ribbon-streets-light-vanilla-reduced-fat-ice-cream-dessert-tub,https://assets.woolworths.com.au/images/1005/684.jpg?impolicy=wowsmkqiema&w=260&h=260,$7.00,$0.35 / 100ML,4.8,57, Add to cart , Save to list 
Pie Society Meatless Classic Cottage Pies 2 Pack,https://www.woolworths.com.au/shop/productdetails/161872/pie-society-meatless-classic-cottage-pies,https://assets.woolworths.com.au/images/1005/161872.jpg?impolicy=wowsmkqiema&w=260&h=260,$9.00,$1.55 / 100G,,, Add to cart , Save to list 
On The Menu Ready Go Eat Burgers Cheese Frozen Meal 161g,https://www.woolworths.com.au/shop/productdetails/20122/on-the-menu-ready-go-eat-burgers-cheese-frozen-meal,https://assets.woolworths.com.au/images/1005/20122.jpg?impolicy=wowsmkqiema&w=260&h=260,$3.30,$2.05 / 100G,3.9,35, Add to cart , Save to list 
Sealord Australian Hoki Three Seed Crumb Wild Caught Fillets 300g,https://www.woolworths.com.au/shop/productdetails/178455/sealord-australian-hoki-three-seed-crumb-wild-caught-fillets,https://assets.woolworths.com.au/images/1005/178455.jpg?impolicy=wowsmkqiema&w=260&h=260,$9.00,$30.00 / 1KG,,, Add to cart , Save to list 
Ho Mai Asian Entertainer Pack 1kg,https://www.woolworths.com.au/shop/productdetails/259540/ho-mai-asian-entertainer-pack,https://assets.woolworths.com.au/images/1005/259540.jpg?impolicy=wowsmkqiema&w=260&h=260,$10.00,$1.00 / 100G,4.2,61, Add to cart , Save to list 
Hong Kong Dim Sim Kitchen Bbq Pork Buns 300g,https://www.woolworths.com.au/shop/productdetails/164513/hong-kong-dim-sim-kitchen-bbq-pork-buns,https://assets.woolworths.com.au/images/1005/164513.jpg?impolicy=wowsmkqiema&w=260&h=260,$8.00,$2.67 / 100G,4.0,1, Add to cart , Save to list 
Woolworths Chicken Korma & Rice 375g,https://www.woolworths.com.au/shop/productdetails/695479/woolworths-chicken-korma-rice-null,https://assets.woolworths.com.au/images/1005/695479.jpg?impolicy=wowsmkqiema&w=260&h=260,$3.30,$0.88 / 100G,4.5,27, Add to cart , Save to list 
Mccain Pizza Meatlovers Bbq 500g,https://www.woolworths.com.au/shop/productdetails/252640/mccain-pizza-meatlovers-bbq,https://assets.woolworths.com.au/images/1005/252640.jpg?impolicy=wowsmkqiema&w=260&h=260,$8.50,$1.70 / 100G,4.0,87, Add to cart , Save to list 
Pampas Puff Pastry Reduced Fat 1kg,https://www.woolworths.com.au/shop/productdetails/186550/pampas-puff-pastry-reduced-fat,https://assets.woolworths.com.au/images/1005/186550.jpg?impolicy=wowsmkqiema&w=260&h=260,$5.20,$0.52 / 100G,4.1,18, Add to cart , Save to list 
Woolworths Mozzarella Sticks 10 Pack,https://www.woolworths.com.au/shop/productdetails/137393/woolworths-mozzarella-sticks,https://assets.woolworths.com.au/images/1005/137393.jpg?impolicy=wowsmkqiema&w=260&h=260,$5.30,$1.77 / 100G,4.1,881, Add to cart , Save to list 
Ingham's Frozen Turkey Breast Crumbed Nuggets 600g,https://www.woolworths.com.au/shop/productdetails/225609/ingham-s-frozen-turkey-breast-crumbed-nuggets,https://assets.woolworths.com.au/images/1005/225609.jpg?impolicy=wowsmkqiema&w=260&h=260,$14.00,$23.33 / 1KG,,, Add to cart , Save to list 
Quorn Roarsomes Meat Free Dinosaurs 240g,https://www.woolworths.com.au/shop/productdetails/197182/quorn-roarsomes-meat-free-dinosaurs,https://assets.woolworths.com.au/images/1005/197182.jpg?impolicy=wowsmkqiema&w=260&h=260,$5.60,$2.33 / 100G,,, Add to cart , Save to list 
Mccain Pizza Slice Snacks Meatlovers 2 Pack,https://www.woolworths.com.au/shop/productdetails/112492/mccain-pizza-slice-snacks-meatlovers-meatlovers,https://assets.woolworths.com.au/images/1005/112492.jpg?impolicy=wowsmkqiema&w=260&h=260,$9.00,$1.50 / 100G,4.3,22, Add to cart , Save to list 
Magnum Ice Cream Classic Dessert Sticks 4 Pack 428ml,https://www.woolworths.com.au/shop/productdetails/485660/magnum-ice-cream-classic-dessert-sticks-4-pack,https://assets.woolworths.com.au/images/1005/485660.jpg?impolicy=wowsmkqiema&w=260&h=260,$10.50,$2.45 / 100ML,4.8,32, Add to cart , Save to list 
Herbert Adams Slow Cooked Beef With Shiraz & Cracked Pepper 2 Pack,https://www.woolworths.com.au/shop/productdetails/680630/herbert-adams-slow-cooked-beef-with-shiraz-cracked-pepper,https://assets.woolworths.com.au/images/1005/680630.jpg?impolicy=wowsmkqiema&w=260&h=260,$9.00,$2.25 / 100G,4.9,14, Add to cart , Save to list 
Peters Original Neapolitan 4l,https://www.woolworths.com.au/shop/productdetails/66170/peters-original-neapolitan,https://assets.woolworths.com.au/images/1005/66170.jpg?impolicy=wowsmkqiema&w=260&h=260,$10.90,$0.27 / 100ML,4.6,16, Add to cart , Save to list 
Birds Eye Mashed Potato 800g,https://www.woolworths.com.au/shop/productdetails/180582/birds-eye-mashed-potato,https://assets.woolworths.com.au/images/1005/180582.jpg?impolicy=wowsmkqiema&w=260&h=260,$5.80,$7.25 / 1KG,4.0,1, Add to cart , Save to list 
Super Nature Wellness Bowl Satay Chicken & Quinoa & Chickpea Frozen Meal 350g,https://www.woolworths.com.au/shop/productdetails/657087/super-nature-wellness-bowl-satay-chicken-quinoa-chickpea-frozen-meal,https://assets.woolworths.com.au/images/1005/657087.jpg?impolicy=wowsmkqiema&w=260&h=260,$6.50,$1.86 / 100G,4.4,9, Add to cart , Save to list 
Woolworths Ice Cream Cones Vanilla 4 Pack,https://www.woolworths.com.au/shop/productdetails/792233/woolworths-ice-cream-cones-vanilla,https://assets.woolworths.com.au/images/1005/792233.jpg?impolicy=wowsmkqiema&w=260&h=260,$3.90,$0.82 / 100ML,4.5,401, Add to cart , Save to list 
Mccain Quick Cook Fries Straight Cut Crunchy 750g,https://www.woolworths.com.au/shop/productdetails/139518/mccain-quick-cook-fries-straight-cut-crunchy,https://assets.woolworths.com.au/images/1005/139518.jpg?impolicy=wowsmkqiema&w=260&h=260,$5.30,$7.07 / 1KG,5.0,1, Add to cart , Save to list 
La Gina Woodfired Pumpkin Mozzarella & Feta Italian Pizza 405g,https://www.woolworths.com.au/shop/productdetails/56919/la-gina-woodfired-pumpkin-mozzarella-feta-italian-pizza,https://assets.woolworths.com.au/images/1005/56919.jpg?impolicy=wowsmkqiema&w=260&h=260,$7.50,$1.85 / 100G,3.9,511, Add to cart , Save to list 
Sara Lee Butter Chocolate Cake 350g,https://www.woolworths.com.au/shop/productdetails/96530/sara-lee-butter-chocolate-cake,https://assets.woolworths.com.au/images/1005/96530.jpg?impolicy=wowsmkqiema&w=260&h=260,$7.50,$2.14 / 100G,4.5,22, Add to cart , Save to list 
Heinz Frozen Broad Beans 500g,https://www.woolworths.com.au/shop/productdetails/706960/heinz-frozen-broad-beans-broad,https://assets.woolworths.com.au/images/1005/706960.jpg?impolicy=wowsmkqiema&w=260&h=260,$3.50,$7.00 / 1KG,4.5,45, Add to cart , Save to list 
Sealord Frozen Fish Fingers Crunchy Crumb 15 Pack,https://www.woolworths.com.au/shop/productdetails/129858/sealord-frozen-fish-fingers-crunchy-crumb,https://assets.woolworths.com.au/images/1005/129858.jpg?impolicy=wowsmkqiema&w=260&h=260,$8.00,$20.00 / 1KG,,, Add to cart , Save to list 
Birds Eye Peas Baby Frozen 1kg,https://www.woolworths.com.au/shop/productdetails/767778/birds-eye-peas-baby-frozen,https://assets.woolworths.com.au/images/1005/767778.jpg?impolicy=wowsmkqiema&w=260&h=260,$6.00,$6.00 / 1KG,4.9,37, Add to cart , Save to list 
Bell Farms Salted Edamame 400g,https://www.woolworths.com.au/shop/productdetails/536096/bell-farms-salted-edamame,https://assets.woolworths.com.au/images/1005/536096.jpg?impolicy=wowsmkqiema&w=260&h=260,$2.80,$7.00 / 1KG,3.8,378, Add to cart , Save to list 
Jase's Kitchen Gluten Free Sausage Rolls 2 Pack,https://www.woolworths.com.au/shop/productdetails/103775/jase-s-kitchen-gluten-free-sausage-rolls,https://assets.woolworths.com.au/images/1005/103775.jpg?impolicy=wowsmkqiema&w=260&h=260,$5.20,$2.00 / 100G,4.0,1, Add to cart , Save to list 
Woolworths Crumbed Chicken Breast Fingers 1kg,https://www.woolworths.com.au/shop/productdetails/132261/woolworths-crumbed-chicken-breast-fingers,https://assets.woolworths.com.au/images/1005/132261.jpg?impolicy=wowsmkqiema&w=260&h=260,$11.00,$11.00 / 1KG,4.1,409, Add to cart , Save to list 
Magnum Mini Ice Cream Classic Dessert Sticks 6 Pack,https://www.woolworths.com.au/shop/productdetails/153676/magnum-mini-ice-cream-classic-dessert-sticks,https://assets.woolworths.com.au/images/1005/153676.jpg?impolicy=wowsmkqiema&w=260&h=260,$10.50,$2.92 / 100ML,4.6,41, Add to cart , Save to list 
Super Nature Split Pea & Lentil Dhal Frozen Meal 350g,https://www.woolworths.com.au/shop/productdetails/940341/super-nature-split-pea-lentil-dhal-frozen-meal,https://assets.woolworths.com.au/images/1005/940341.jpg?impolicy=wowsmkqiema&w=260&h=260,$6.50,$1.86 / 100G,4.4,18, Add to cart , Save to list 
Mr Chen's Chinese Prawn Wonton Soup 400g,https://www.woolworths.com.au/shop/productdetails/177974/mr-chen-s-chinese-prawn-wonton-soup-null,https://assets.woolworths.com.au/images/1005/177974.jpg?impolicy=wowsmkqiema&w=260&h=260,,,,,, Save to list 
Birds Eye Deli Hoki Fillets Lightly Battered 250g,https://www.woolworths.com.au/shop/productdetails/674914/birds-eye-deli-hoki-fillets-lightly-battered,https://assets.woolworths.com.au/images/1005/674914.jpg?impolicy=wowsmkqiema&w=260&h=260,$7.50,$30.00 / 1KG,4.8,57, Add to cart , Save to list 
The Real Yorkshire Pudding Co. Yorkshire Puddings 6 Pack,https://www.woolworths.com.au/shop/productdetails/162738/the-real-yorkshire-pudding-co-yorkshire-puddings,https://assets.woolworths.com.au/images/1005/162738.jpg?impolicy=wowsmkqiema&w=260&h=260,,,,,, Save to list 
Amy's Kitchen Gluten Free Rice Mac & Cheese 255g,https://www.woolworths.com.au/shop/productdetails/825300/amy-s-kitchen-gluten-free-rice-mac-cheese,https://assets.woolworths.com.au/images/1005/825300.jpg?impolicy=wowsmkqiema&w=260&h=260,$7.50,$2.94 / 100G,4.9,27, Add to cart , Save to list 
Strength Meals Co Satay Chicken 350g,https://www.woolworths.com.au/shop/productdetails/141093/strength-meals-co-satay-chicken-null,https://assets.woolworths.com.au/images/1005/141093.jpg?impolicy=wowsmkqiema&w=260&h=260,$9.50,$2.71 / 100G,3.2,204, Add to cart , Save to list 
Oob Organic Frozen Mixed Berries 500g,https://www.woolworths.com.au/shop/productdetails/931860/oob-organic-frozen-mixed-berries,https://assets.woolworths.com.au/images/1005/931860.jpg?impolicy=wowsmkqiema&w=260&h=260,$10.50,$21.00 / 1KG,4.5,11, Add to cart , Save to list 
Lean Cuisine Satay Chicken Noodles Frozen Meal 280g,https://www.woolworths.com.au/shop/productdetails/116911/lean-cuisine-satay-chicken-noodles-frozen-meal,https://assets.woolworths.com.au/images/1005/116911.jpg?impolicy=wowsmkqiema&w=260&h=260,$5.00,$1.79 / 100G,,, Add to cart , Save to list 
Juicies Tropical Frozen 10 Pack,https://www.woolworths.com.au/shop/productdetails/146149/juicies-tropical-frozen-dessert-sticks,https://assets.woolworths.com.au/images/1005/146149.jpg?impolicy=wowsmkqiema&w=260&h=260,$8.50,$0.85 / 100ML,,, Add to cart , Save to list 
Blue Ribbon Classic Chocolate Reduced Fat Ice Cream Dessert Tub 2l,https://www.woolworths.com.au/shop/productdetails/636654/blue-ribbon-classic-chocolate-reduced-fat-ice-cream-dessert-tub,https://assets.woolworths.com.au/images/1005/636654.jpg?impolicy=wowsmkqiema&w=260&h=260,$7.00,$0.35 / 100ML,4.8,40, Add to cart , Save to list 
On The Menu Lamb Shank 320g,https://www.woolworths.com.au/shop/productdetails/482906/on-the-menu-lamb-shank-null,https://assets.woolworths.com.au/images/1005/482906.jpg?impolicy=wowsmkqiema&w=260&h=260,$6.00,$1.88 / 100G,4.2,52, Add to cart , Save to list 
Lean Cuisine Lamb & Rosemary Hotpot Frozen Meal 280g,https://www.woolworths.com.au/shop/productdetails/117922/lean-cuisine-lamb-rosemary-hotpot-frozen-meal,https://assets.woolworths.com.au/images/1005/117922.jpg?impolicy=wowsmkqiema&w=260&h=260,$5.00,$1.79 / 100G,,, Add to cart , Save to list 
Woolworths Macaroni Cheese Balls 8 Pack,https://www.woolworths.com.au/shop/productdetails/489135/woolworths-macaroni-cheese-balls,https://assets.woolworths.com.au/images/1005/489135.jpg?impolicy=wowsmkqiema&w=260&h=260,$5.30,$2.65 / 100G,3.9,14, Add to cart , Save to list 
Birds Eye Fish Fingers 375g,https://www.woolworths.com.au/shop/productdetails/96318/birds-eye-fish-fingers,https://assets.woolworths.com.au/images/1005/96318.jpg?impolicy=wowsmkqiema&w=260&h=260,$6.30,$16.80 / 1KG,4.5,20, Add to cart , Save to list 
Fropro Protein Pizza Pepperoni & Ham 325g,https://www.woolworths.com.au/shop/productdetails/205735/fropro-protein-pizza-pepperoni-ham,https://assets.woolworths.com.au/images/1005/205735.jpg?impolicy=wowsmkqiema&w=260&h=260,$12.00,$3.69 / 100G,3.0,1, Add to cart , Save to list 
Birds Eye Baby Beans 1kg,https://www.woolworths.com.au/shop/productdetails/822862/birds-eye-baby-beans,https://assets.woolworths.com.au/images/1005/822862.jpg?impolicy=wowsmkqiema&w=260&h=260,$6.00,$6.00 / 1KG,4.8,26, Add to cart , Save to list 
Sunny Queen Protein Bites Parmesan & Caramelised Onion Frozen 200g,https://www.woolworths.com.au/shop/productdetails/219550/sunny-queen-protein-bites-parmesan-caramelised-onion-frozen,https://assets.woolworths.com.au/images/1005/219550.jpg?impolicy=wowsmkqiema&w=260&h=260,$7.50,$3.75 / 100G,3.0,1, Add to cart , Save to list 
Woolworths Frozen Fish Fillets Battered 1kg,https://www.woolworths.com.au/shop/productdetails/759044/woolworths-frozen-fish-fillets-battered,https://assets.woolworths.com.au/images/1005/759044.jpg?impolicy=wowsmkqiema&w=260&h=260,$11.00,$11.00 / 1KG,4.5,63, Add to cart , Save to list 
Annabel Karmel Mac & Cheese Pasta Frozen Meal 200g,https://www.woolworths.com.au/shop/productdetails/544366/annabel-karmel-mac-cheese-pasta-frozen-meal,https://assets.woolworths.com.au/images/1005/544366.jpg?impolicy=wowsmkqiema&w=260&h=260,$3.50,$1.75 / 100G,4.7,12, Add to cart , Save to list 
Mccain Sliced Beans Sliced 500g,https://www.woolworths.com.au/shop/productdetails/42601/mccain-sliced-beans-sliced,https://assets.woolworths.com.au/images/1005/42601.jpg?impolicy=wowsmkqiema&w=260&h=260,$4.00,$8.00 / 1KG,4.4,42, Add to cart , Save to list 
Creative Gourmet Frozen Passion Fruit Pulp 400g,https://www.woolworths.com.au/shop/productdetails/680368/creative-gourmet-frozen-passion-fruit-pulp,https://assets.woolworths.com.au/images/1005/680368.jpg?impolicy=wowsmkqiema&w=260&h=260,$4.50,$11.25 / 1KG,4.9,12, Add to cart , Save to list 
Mccain Pizza Pocket Snacks Cheese & Bacon 4 Pack,https://www.woolworths.com.au/shop/productdetails/139610/mccain-pizza-pocket-snacks-cheese-bacon,https://assets.woolworths.com.au/images/1005/139610.jpg?impolicy=wowsmkqiema&w=260&h=260,$8.50,$2.13 / 100G,4.4,40, Add to cart , Save to list 
Mccain Pub Size Parma 480g,https://www.woolworths.com.au/shop/productdetails/54002/mccain-pub-size-parma-frozen-meal,https://assets.woolworths.com.au/images/1005/54002.jpg?impolicy=wowsmkqiema&w=260&h=260,$7.50,$1.56 / 100G,4.0,26, Add to cart , Save to list 
Super Nature Pulses Bowl Beef Lasagne 300g,https://www.woolworths.com.au/shop/productdetails/56016/super-nature-pulses-bowl-beef-lasagne-null,https://assets.woolworths.com.au/images/1005/56016.jpg?impolicy=wowsmkqiema&w=260&h=260,$4.30,$1.43 / 100G,4.1,9, Add to cart , Save to list 
Oob Organic Frozen Strawberries 500g,https://www.woolworths.com.au/shop/productdetails/780094/oob-organic-frozen-strawberries,https://assets.woolworths.com.au/images/1005/780094.jpg?impolicy=wowsmkqiema&w=260&h=260,$10.50,$21.00 / 1KG,5.0,3, Add to cart , Save to list 
Ingham's Frozen Airmazing Chicken Tenders Less Fat 400g,https://www.woolworths.com.au/shop/productdetails/227292/ingham-s-frozen-airmazing-chicken-tenders-less-fat,https://assets.woolworths.com.au/images/1005/227292.jpg?impolicy=wowsmkqiema&w=260&h=260,$7.00,$17.50 / 1KG,,, Add to cart , Save to list 
Aussie Frozen Fruit 100% Australian Mangoes 400g,https://www.woolworths.com.au/shop/productdetails/91902/aussie-frozen-fruit-100-australian-mangoes,https://assets.woolworths.com.au/images/1005/91902.jpg?impolicy=wowsmkqiema&w=260&h=260,,,4.4,17,, Save to list 
Haagen-dazs Vanilla Ice Cream 457ml,https://www.woolworths.com.au/shop/productdetails/503673/haagen-dazs-vanilla-ice-cream,https://assets.woolworths.com.au/images/1005/503673.jpg?impolicy=wowsmkqiema&w=260&h=260,$12.50,$2.74 / 100ML,4.6,17, Add to cart , Save to list 
Birds Eye Fresh Caught Barramundi Original Crumb 270g,https://www.woolworths.com.au/shop/productdetails/318488/birds-eye-fresh-caught-barramundi-original-crumb,https://assets.woolworths.com.au/images/1005/318488.jpg?impolicy=wowsmkqiema&w=260&h=260,,,4.4,22,, Save to list 
Macro Organic Cut Green Beans 450g,https://www.woolworths.com.au/shop/productdetails/54135/macro-organic-cut-green-beans,https://assets.woolworths.com.au/images/1005/54135.jpg?impolicy=wowsmkqiema&w=260&h=260,$5.00,$11.11 / 1KG,4.3,285, Add to cart , Save to list 
Woolworths Sweet Potato Cottage Pie Frozen Meal 375g,https://www.woolworths.com.au/shop/productdetails/70786/woolworths-sweet-potato-cottage-pie-frozen-meal,https://assets.woolworths.com.au/images/1005/70786.jpg?impolicy=wowsmkqiema&w=260&h=260,$3.30,$0.88 / 100G,4.1,15, Add to cart , Save to list 
Mccain Pub Size Bangers & Mash Frozen Meal 500g,https://www.woolworths.com.au/shop/productdetails/679345/mccain-pub-size-bangers-mash-frozen-meal,https://assets.woolworths.com.au/images/1005/679345.jpg?impolicy=wowsmkqiema&w=260&h=260,$7.50,$1.50 / 100G,4.7,19, Add to cart , Save to list 
Woolworths Apple Pie Snack 4 Pack,https://www.woolworths.com.au/shop/productdetails/763595/woolworths-apple-pie-snack,https://assets.woolworths.com.au/images/1005/763595.jpg?impolicy=wowsmkqiema&w=260&h=260,$3.60,$0.72 / 100G,4.1,674, Add to cart , Save to list 
Sara Lee French Cream Cheesecake 360g,https://www.woolworths.com.au/shop/productdetails/263636/sara-lee-french-cream-cheesecake,https://assets.woolworths.com.au/images/1005/263636.jpg?impolicy=wowsmkqiema&w=260&h=260,$7.50,$2.08 / 100G,4.7,26, Add to cart , Save to list 
Farm Pride Frozen Egg Whites 960ml,https://www.woolworths.com.au/shop/productdetails/947804/farm-pride-frozen-egg-whites,https://assets.woolworths.com.au/images/1005/947804.jpg?impolicy=wowsmkqiema&w=260&h=260,$11.00,$1.16 / 100ML,4.0,10, Add to cart , Save to list 
Woolworths Ruby Frozen Fruit Blend 500g,https://www.woolworths.com.au/shop/productdetails/137624/woolworths-ruby-frozen-fruit-blend,https://assets.woolworths.com.au/images/1005/137624.jpg?impolicy=wowsmkqiema&w=260&h=260,$5.00,$10.00 / 1KG,4.5,1352, Add to cart , Save to list 
Cadbury Dairy Milk Vanilla Sticks 4 Pack,https://www.woolworths.com.au/shop/productdetails/122672/cadbury-dairy-milk-vanilla-sticks,https://assets.woolworths.com.au/images/1005/122672.jpg?impolicy=wowsmkqiema&w=260&h=260,,,,,, Save to list 
Strength Meals Co Butter Chicken 350g,https://www.woolworths.com.au/shop/productdetails/140789/strength-meals-co-butter-chicken-null,https://assets.woolworths.com.au/images/1005/140789.jpg?impolicy=wowsmkqiema&w=260&h=260,$9.50,$2.71 / 100G,3.3,207, Add to cart , Save to list 
Bell Farms Potato Gratin 4 Pack,https://www.woolworths.com.au/shop/productdetails/683567/bell-farms-potato-gratin,https://assets.woolworths.com.au/images/1005/683567.jpg?impolicy=wowsmkqiema&w=260&h=260,,,4.7,26,, Save to list 
Steggles Chicken Rings Crumbed Frozen 400g,https://www.woolworths.com.au/shop/productdetails/226883/steggles-chicken-rings-crumbed-frozen,https://assets.woolworths.com.au/images/1005/226883.jpg?impolicy=wowsmkqiema&w=260&h=260,$4.95,$12.38 / 1KG,,, Add to cart , Save to list 
Haagen-dazs Salted Caramel Ice Cream 457ml,https://www.woolworths.com.au/shop/productdetails/505069/haagen-dazs-salted-caramel-ice-cream,https://assets.woolworths.com.au/images/1005/505069.jpg?impolicy=wowsmkqiema&w=260&h=260,$12.50,$2.74 / 100ML,4.8,27, Add to cart , Save to list 
Proud & Punch Caramel Date Night Sticks 6 Pack,https://www.woolworths.com.au/shop/productdetails/180203/proud-punch-caramel-date-night-sticks,https://assets.woolworths.com.au/images/1005/180203.jpg?impolicy=wowsmkqiema&w=260&h=260,$8.50,$2.02 / 100ML,,, Add to cart , Save to list 
Sara Lee Ice Cream French Vanilla 1l Tub,https://www.woolworths.com.au/shop/productdetails/12311/sara-lee-ice-cream-french-vanilla,https://assets.woolworths.com.au/images/1005/12311.jpg?impolicy=wowsmkqiema&w=260&h=260,$9.00,$0.90 / 100ML,4.7,63, Add to cart , Save to list 
Mars Choc & Caramel Frozen Dessert Bar 6 Pack,https://www.woolworths.com.au/shop/productdetails/247887/mars-choc-caramel-frozen-dessert-bar,https://assets.woolworths.com.au/images/1005/247887.jpg?impolicy=wowsmkqiema&w=260&h=260,$9.00,$3.05 / 100ML,,, Add to cart , Save to list 
On The Menu Mixed Grill Frozen Meal 320g,https://www.woolworths.com.au/shop/productdetails/761000/on-the-menu-mixed-grill-frozen-meal,https://assets.woolworths.com.au/images/1005/761000.jpg?impolicy=wowsmkqiema&w=260&h=260,$6.00,$1.88 / 100G,3.9,22, Add to cart , Save to list 
Macro Organic Peas 450g,https://www.woolworths.com.au/shop/productdetails/817503/macro-organic-peas,https://assets.woolworths.com.au/images/1005/817503.jpg?impolicy=wowsmkqiema&w=260&h=260,$5.00,$11.11 / 1KG,3.8,760, Add to cart , Save to list 
Bulla Real Dairy Chocolate Ice Cream 2l,https://www.woolworths.com.au/shop/productdetails/37697/bulla-real-dairy-chocolate-ice-cream,https://assets.woolworths.com.au/images/1005/37697.jpg?impolicy=wowsmkqiema&w=260&h=260,$5.25,$0.26 / 100ML,4.6,26, Add to cart , Save to list 
On The Menu Roast Chicken Rolls 179g,https://www.woolworths.com.au/shop/productdetails/248464/on-the-menu-roast-chicken-rolls-null,https://assets.woolworths.com.au/images/1005/248464.jpg?impolicy=wowsmkqiema&w=260&h=260,$4.40,$2.46 / 100G,4.3,30, Add to cart , Save to list 
Connoisseur Ice Cream Cookies & Cream 1l Tub,https://www.woolworths.com.au/shop/productdetails/66363/connoisseur-ice-cream-cookies-cream,https://assets.woolworths.com.au/images/1005/66363.jpg?impolicy=wowsmkqiema&w=260&h=260,$12.00,$1.20 / 100ML,4.8,43, Add to cart , Save to list 
Rani Superior Cocktail Samosas 24 Pieces 216g,https://www.woolworths.com.au/shop/productdetails/250693/rani-superior-cocktail-samosas-24-pieces,https://assets.woolworths.com.au/images/1005/250693.jpg?impolicy=wowsmkqiema&w=260&h=260,$6.00,$2.78 / 100G,,, Add to cart , Save to list 
Plantry Plant Based Food Co Pad See Ew Meal 350g,https://www.woolworths.com.au/shop/productdetails/210742/plantry-plant-based-food-co-pad-see-ew-meal,https://assets.woolworths.com.au/images/1005/210742.jpg?impolicy=wowsmkqiema&w=260&h=260,$7.50,$2.14 / 100G,,, Add to cart , Save to list 
Bell Farms Snap Frozen Broccoli Florets 500g,https://www.woolworths.com.au/shop/productdetails/120139/bell-farms-snap-frozen-broccoli-florets,https://assets.woolworths.com.au/images/1005/120139.jpg?impolicy=wowsmkqiema&w=260&h=260,,,4.0,711,, Save to list 
Sara Lee Carrot Cake 400g,https://www.woolworths.com.au/shop/productdetails/96708/sara-lee-carrot-cake,https://assets.woolworths.com.au/images/1005/96708.jpg?impolicy=wowsmkqiema&w=260&h=260,$7.50,$1.88 / 100G,4.9,38, Add to cart , Save to list 
I&j Frozen Salt & Pepper Squid Sticks Lightly Crumbed 800g,https://www.woolworths.com.au/shop/productdetails/203749/i-j-frozen-salt-pepper-squid-sticks-lightly-crumbed,https://assets.woolworths.com.au/images/1005/203749.jpg?impolicy=wowsmkqiema&w=260&h=260,$10.50,$13.13 / 1KG,,, Add to cart , Save to list 
On The Menu Chicken Parmigiana Frozen Meal 320g,https://www.woolworths.com.au/shop/productdetails/369507/on-the-menu-chicken-parmigiana-frozen-meal,https://assets.woolworths.com.au/images/1005/369507.jpg?impolicy=wowsmkqiema&w=260&h=260,$6.00,$1.88 / 100G,4.4,40, Add to cart , Save to list 
Pampas Puff Pastry Sheets 3 Sheets 500g,https://www.woolworths.com.au/shop/productdetails/301061/pampas-puff-pastry-sheets-3-sheets,https://assets.woolworths.com.au/images/1005/301061.jpg?impolicy=wowsmkqiema&w=260&h=260,$6.00,$1.09 / 100G,4.7,7, Add to cart , Save to list 
Della Rosa Stone Baked 3 Cheese Pizza Pack 900g,https://www.woolworths.com.au/shop/productdetails/83187/della-rosa-stone-baked-3-cheese-pizza-pack,https://assets.woolworths.com.au/images/1005/83187.jpg?impolicy=wowsmkqiema&w=260&h=260,,,3.9,429,, Save to list 
On The Menu Chicken Kiev Frozen Meal 320g,https://www.woolworths.com.au/shop/productdetails/838679/on-the-menu-chicken-kiev-frozen-meal,https://assets.woolworths.com.au/images/1005/838679.jpg?impolicy=wowsmkqiema&w=260&h=260,$6.00,$1.88 / 100G,4.3,49, Add to cart , Save to list 
Just Caught Classic Crumbed Whiting Fillets 800g,https://www.woolworths.com.au/shop/productdetails/245544/just-caught-classic-crumbed-whiting-fillets,https://assets.woolworths.com.au/images/1005/245544.jpg?impolicy=wowsmkqiema&w=260&h=260,$13.00,$16.25 / 1KG,,, Add to cart , Save to list 
Keith's Foods Mozzarella Cheese Sticks 235g,https://www.woolworths.com.au/shop/productdetails/939210/keith-s-foods-mozzarella-cheese-sticks,https://assets.woolworths.com.au/images/1005/939210.jpg?impolicy=wowsmkqiema&w=260&h=260,$5.50,$2.34 / 100G,4.6,46, Add to cart , Save to list 
Pie Society Plant Based Party Pack 18 Pack,https://www.woolworths.com.au/shop/productdetails/217463/pie-society-plant-based-party-pack,https://assets.woolworths.com.au/images/1005/217463.jpg?impolicy=wowsmkqiema&w=260&h=260,$12.50,$1.30 / 100G,4.5,2, Add to cart , Save to list 
Mccain Gluten Free Potato Chips 750g,https://www.woolworths.com.au/shop/productdetails/690845/mccain-gluten-free-potato-chips,https://assets.woolworths.com.au/images/1005/690845.jpg?impolicy=wowsmkqiema&w=260&h=260,$5.00,$0.67 / 100G,4.7,15, Add to cart , Save to list 
Liz & Betty Finest Mini Pies Chicken Leek Thyme 200g,https://www.woolworths.com.au/shop/productdetails/216915/liz-betty-finest-mini-pies-chicken-leek-thyme,https://assets.woolworths.com.au/images/1005/216915.jpg?impolicy=wowsmkqiema&w=260&h=260,$10.00,$5.00 / 100G,,, Add to cart , Save to list 
I&j Frozen Calamari Ring Lightly Crumbed Wild Caught 400g,https://www.woolworths.com.au/shop/productdetails/296501/i-j-frozen-calamari-ring-lightly-crumbed-wild-caught,https://assets.woolworths.com.au/images/1005/296501.jpg?impolicy=wowsmkqiema&w=260&h=260,$8.00,$20.00 / 1KG,4.0,22, Add to cart , Save to list 
Peters Drumstick Ice Cream Vanilla 4 Pack,https://www.woolworths.com.au/shop/productdetails/48387/peters-drumstick-ice-cream-vanilla,https://assets.woolworths.com.au/images/1005/48387.jpg?impolicy=wowsmkqiema&w=260&h=260,$6.50,$1.37 / 100ML,4.6,18, Add to cart , Save to list 
Mrs Macs Brush & Bake Angus Roll 2 Pack,https://www.woolworths.com.au/shop/productdetails/218829/mrs-macs-brush-bake-angus-roll,https://assets.woolworths.com.au/images/1005/218829.jpg?impolicy=wowsmkqiema&w=260&h=260,$7.50,$1.88 / 100G,,, Add to cart , Save to list 
Woolworths Chicken Breast Crunchy Bites 400g,https://www.woolworths.com.au/shop/productdetails/774413/woolworths-chicken-breast-crunchy-bites,https://assets.woolworths.com.au/images/1005/774413.jpg?impolicy=wowsmkqiema&w=260&h=260,$4.50,$11.25 / 1KG,4.2,227, Add to cart , Save to list 
Birds Eye South Atlantic Flathead 270g,https://www.woolworths.com.au/shop/productdetails/571952/birds-eye-south-atlantic-flathead,https://assets.woolworths.com.au/images/1005/571952.jpg?impolicy=wowsmkqiema&w=260&h=260,$11.00,$40.74 / 1KG,4.3,33, Add to cart , Save to list 
Four'n Twenty Meat Free Pie 4 Pack,https://www.woolworths.com.au/shop/productdetails/87572/four-n-twenty-meat-free-pie,https://assets.woolworths.com.au/images/1005/87572.jpg?impolicy=wowsmkqiema&w=260&h=260,$7.70,$1.10 / 100G,4.4,31, Add to cart , Save to list 
Blue Ribbon Cookies & Cream Reduced Fat Ice Cream Dessert Tub 2l,https://www.woolworths.com.au/shop/productdetails/781942/blue-ribbon-cookies-cream-reduced-fat-ice-cream-dessert-tub,https://assets.woolworths.com.au/images/1005/781942.jpg?impolicy=wowsmkqiema&w=260&h=260,$7.00,$0.35 / 100ML,4.4,22, Add to cart , Save to list 
On The Menu Singapore Noodles With Beef 260g,https://www.woolworths.com.au/shop/productdetails/221798/on-the-menu-singapore-noodles-with-beef,https://assets.woolworths.com.au/images/1005/221798.jpg?impolicy=wowsmkqiema&w=260&h=260,$3.30,$1.27 / 100G,,, Add to cart , Save to list 
Mccain Pizza Margherita 500g,https://www.woolworths.com.au/shop/productdetails/173140/mccain-pizza-margherita,https://assets.woolworths.com.au/images/1005/173140.jpg?impolicy=wowsmkqiema&w=260&h=260,$8.50,$1.70 / 100G,4.4,42, Add to cart , Save to list 
Mccain Frozen Pizza Slices Supreme 600g,https://www.woolworths.com.au/shop/productdetails/3408/mccain-frozen-pizza-slices-supreme,https://assets.woolworths.com.au/images/1005/3408.jpg?impolicy=wowsmkqiema&w=260&h=260,$9.00,$1.50 / 100G,,, Add to cart , Save to list 
Peters Light & Creamy Classic Vanilla Ice Cream 1.8l,https://www.woolworths.com.au/shop/productdetails/330841/peters-light-creamy-classic-vanilla-ice-cream,https://assets.woolworths.com.au/images/1005/330841.jpg?impolicy=wowsmkqiema&w=260&h=260,$5.50,$0.31 / 100ML,4.9,21, Add to cart , Save to list 
Della Rosa Low Carb High Protein Pizza Base 250g,https://www.woolworths.com.au/shop/productdetails/155237/della-rosa-low-carb-high-protein-pizza-base,https://assets.woolworths.com.au/images/1005/155237.jpg?impolicy=wowsmkqiema&w=260&h=260,$4.50,$1.80 / 100G,,, Add to cart , Save to list 
Sealord Australian Hoki Japanese Style Tempura Batter 2 Pack,https://www.woolworths.com.au/shop/productdetails/178454/sealord-australian-hoki-japanese-style-tempura-batter,https://assets.woolworths.com.au/images/1005/178454.jpg?impolicy=wowsmkqiema&w=260&h=260,$9.00,$32.14 / 1KG,,, Add to cart , Save to list 
Woolworths Jumbo Cooked Prawn 500g,https://www.woolworths.com.au/shop/productdetails/656743/woolworths-jumbo-cooked-prawn,https://assets.woolworths.com.au/images/1005/656743.jpg?impolicy=wowsmkqiema&w=260&h=260,$22.00,$44.00 / 1KG,4.0,685, Add to cart , Save to list 
Little Moons Passionfruit & Mango Mochi Bites 6 Pack,https://www.woolworths.com.au/shop/productdetails/222580/little-moons-passionfruit-mango-mochi-bites,https://assets.woolworths.com.au/images/1005/222580.jpg?impolicy=wowsmkqiema&w=260&h=260,$8.00,$4.17 / 100G,,, Add to cart , Save to list 
Woolworths Dark Frozen Fruit Blend 500g,https://www.woolworths.com.au/shop/productdetails/137625/woolworths-dark-frozen-fruit-blend,https://assets.woolworths.com.au/images/1005/137625.jpg?impolicy=wowsmkqiema&w=260&h=260,$5.00,$10.00 / 1KG,4.6,1389, Add to cart , Save to list 
"Birds Eye Snap Frozen Carrot, Peas & Corn 1kg",https://www.woolworths.com.au/shop/productdetails/255445/birds-eye-snap-frozen-carrot-peas-corn,https://assets.woolworths.com.au/images/1005/255445.jpg?impolicy=wowsmkqiema&w=260&h=260,$6.50,$6.50 / 1KG,4.8,33, Add to cart , Save to list 
Bulla Creamy Classics Ice Cream Cookies & Cream 2l Tub,https://www.woolworths.com.au/shop/productdetails/191046/bulla-creamy-classics-ice-cream-cookies-cream,https://assets.woolworths.com.au/images/1005/191046.jpg?impolicy=wowsmkqiema&w=260&h=260,$5.00,$0.25 / 100ML,4.7,72, Add to cart , Save to list 
Peters Light & Creamy Choc Caramel & Vanilla Swirl Ice Cream 1.8l,https://www.woolworths.com.au/shop/productdetails/330844/peters-light-creamy-choc-caramel-vanilla-swirl-ice-cream,https://assets.woolworths.com.au/images/1005/330844.jpg?impolicy=wowsmkqiema&w=260&h=260,$5.50,$0.31 / 100ML,4.7,22, Add to cart , Save to list 
Mccain Pub Size Southern Style 480g,https://www.woolworths.com.au/shop/productdetails/817068/mccain-pub-size-southern-style-chicken-frozen-meal,https://assets.woolworths.com.au/images/1005/817068.jpg?impolicy=wowsmkqiema&w=260&h=260,$7.50,$1.56 / 100G,3.8,12, Add to cart , Save to list 
Mccain Peas 1kg,https://www.woolworths.com.au/shop/productdetails/96215/mccain-peas,https://assets.woolworths.com.au/images/1005/96215.jpg?impolicy=wowsmkqiema&w=260&h=260,$6.00,$6.00 / 1KG,4.9,27, Add to cart , Save to list 
"Sunny Queen Mini Fritters Pumpkin, Spinach & Fetta Frozen 200g",https://www.woolworths.com.au/shop/productdetails/218751/sunny-queen-mini-fritters-pumpkin-spinach-fetta-frozen,https://assets.woolworths.com.au/images/1005/218751.jpg?impolicy=wowsmkqiema&w=260&h=260,$7.50,$3.75 / 100G,,, Add to cart , Save to list 
Vezla Foods Tequenos Cheese Sticks 8 Pack,https://www.woolworths.com.au/shop/productdetails/160721/vezla-foods-tequenos-cheese-sticks,https://assets.woolworths.com.au/images/1005/160721.jpg?impolicy=wowsmkqiema&w=260&h=260,$11.00,$3.06 / 100G,,, Add to cart , Save to list 
Keith's Foods Mini Dagwood Dogs 270g,https://www.woolworths.com.au/shop/productdetails/939206/keith-s-foods-mini-dagwood-dogs,https://assets.woolworths.com.au/images/1005/939206.jpg?impolicy=wowsmkqiema&w=260&h=260,$5.50,$2.04 / 100G,4.4,49, Add to cart , Save to list 
Mr Chen's Prawn Hargow Dumplings 550g,https://www.woolworths.com.au/shop/productdetails/60274/mr-chen-s-prawn-hargow-dumplings,https://assets.woolworths.com.au/images/1005/60274.jpg?impolicy=wowsmkqiema&w=260&h=260,$13.00,$2.36 / 100G,4.9,21, Add to cart , Save to list 
Birds Eye Wild Caught Deep Sea Dory Original Crumb 425g,https://www.woolworths.com.au/shop/productdetails/6981/birds-eye-wild-caught-deep-sea-dory-original-crumb,https://assets.woolworths.com.au/images/1005/6981.jpg?impolicy=wowsmkqiema&w=260&h=260,$11.00,$25.88 / 1KG,4.0,28, Add to cart , Save to list 
Mccain Pub Size Butter Chicken Frozen Meal 480g,https://www.woolworths.com.au/shop/productdetails/690876/mccain-pub-size-butter-chicken-frozen-meal,https://assets.woolworths.com.au/images/1005/690876.jpg?impolicy=wowsmkqiema&w=260&h=260,$7.50,$1.56 / 100G,3.9,17, Add to cart , Save to list 
Fropro Protein Burrito Chipotle Chicken 245g,https://www.woolworths.com.au/shop/productdetails/221506/fropro-protein-burrito-chipotle-chicken,https://assets.woolworths.com.au/images/1005/221506.jpg?impolicy=wowsmkqiema&w=260&h=260,$8.00,$3.27 / 100G,,, Add to cart , Save to list 
Mccain Pizza Cheese & Bacon 500g,https://www.woolworths.com.au/shop/productdetails/93831/mccain-pizza-cheese-bacon,https://assets.woolworths.com.au/images/1005/93831.jpg?impolicy=wowsmkqiema&w=260&h=260,$8.50,$1.70 / 100G,4.3,44, Add to cart , Save to list 
Ben & Jerry's Non-dairy Salted Caramel Brownie Frozen Dessert 458ml,https://www.woolworths.com.au/shop/productdetails/193699/ben-jerry-s-non-dairy-salted-caramel-brownie-frozen-dessert,https://assets.woolworths.com.au/images/1005/193699.jpg?impolicy=wowsmkqiema&w=260&h=260,$14.50,$3.17 / 100ML,,, Add to cart , Save to list 
Sunny Queen Mini Fritters Corn & Zucchini Frozen 200g,https://www.woolworths.com.au/shop/productdetails/219792/sunny-queen-mini-fritters-corn-zucchini-frozen,https://assets.woolworths.com.au/images/1005/219792.jpg?impolicy=wowsmkqiema&w=260&h=260,$7.50,$3.75 / 100G,,, Add to cart , Save to list 
Bulla Murray St Ice Creamery Vanilla Bean Ice Cream 1l,https://www.woolworths.com.au/shop/productdetails/232149/bulla-murray-st-ice-creamery-vanilla-bean-ice-cream,https://assets.woolworths.com.au/images/1005/232149.jpg?impolicy=wowsmkqiema&w=260&h=260,$7.50,$0.75 / 100ML,5.0,2, Add to cart , Save to list 
Sealord Hoki Fillets Potato Crumb 480g,https://www.woolworths.com.au/shop/productdetails/355540/sealord-hoki-fillets-potato-crumb,https://assets.woolworths.com.au/images/1005/355540.jpg?impolicy=wowsmkqiema&w=260&h=260,$9.00,$18.75 / 1KG,4.8,16, Add to cart , Save to list 
Bell Farms Crunchy Chips Frozen 1kg,https://www.woolworths.com.au/shop/productdetails/187440/bell-farms-crunchy-chips-frozen,https://assets.woolworths.com.au/images/1005/187440.jpg?impolicy=wowsmkqiema&w=260&h=260,,,,,, Save to list 
Hong Kong Dim Sim Kitchen Pork Dim Sims 480g,https://www.woolworths.com.au/shop/productdetails/160751/hong-kong-dim-sim-kitchen-pork-dim-sims,https://assets.woolworths.com.au/images/1005/160751.jpg?impolicy=wowsmkqiema&w=260&h=260,$8.00,$1.67 / 100G,5.0,1, Add to cart , Save to list 
Peters Ice Cream Cake Party 1.5l,https://www.woolworths.com.au/shop/productdetails/40950/peters-ice-cream-cake-party,https://assets.woolworths.com.au/images/1005/40950.jpg?impolicy=wowsmkqiema&w=260&h=260,$13.00,$0.87 / 100ML,5.0,13, Add to cart , Save to list 
Lean Cuisine Sundried Tomato & Chicken Pasta Frozen Meal 375g,https://www.woolworths.com.au/shop/productdetails/117042/lean-cuisine-sundried-tomato-chicken-pasta-frozen-meal,https://assets.woolworths.com.au/images/1005/117042.jpg?impolicy=wowsmkqiema&w=260&h=260,$6.70,$1.79 / 100G,,, Add to cart , Save to list 
Tutto Pasta Gluten Free & Vegan Vegetarian Lasagna 300g,https://www.woolworths.com.au/shop/productdetails/100920/tutto-pasta-gluten-free-vegan-vegetarian-lasagna,https://assets.woolworths.com.au/images/1005/100920.jpg?impolicy=wowsmkqiema&w=260&h=260,$8.50,$2.83 / 100G,,, Add to cart , Save to list 
Woolworths Chicken Fettuccine Carbonara 375g,https://www.woolworths.com.au/shop/productdetails/141006/woolworths-chicken-fettuccine-carbonara,https://assets.woolworths.com.au/images/1005/141006.jpg?impolicy=wowsmkqiema&w=260&h=260,$3.30,$0.88 / 100G,3.1,257, Add to cart , Save to list 
"Super Nature Wholegrain Chicken Porcini, Mushroom & Risotto Frozen Meal 350g",https://www.woolworths.com.au/shop/productdetails/657184/super-nature-wholegrain-chicken-porcini-mushroom-risotto-frozen-meal,https://assets.woolworths.com.au/images/1005/657184.jpg?impolicy=wowsmkqiema&w=260&h=260,$6.50,$1.86 / 100G,4.8,5, Add to cart , Save to list 
Veef Plant Based Chicken Style Burger 226g,https://www.woolworths.com.au/shop/productdetails/215572/veef-plant-based-chicken-style-burger,https://assets.woolworths.com.au/images/1005/215572.jpg?impolicy=wowsmkqiema&w=260&h=260,$4.50,$1.99 / 100G,,, Add to cart , Save to list 
Woolworths Puff Pastry Sheets 1kg,https://www.woolworths.com.au/shop/productdetails/18366/woolworths-puff-pastry-sheets,https://assets.woolworths.com.au/images/1005/18366.jpg?impolicy=wowsmkqiema&w=260&h=260,,,4.6,893,, Save to list 
Mccain Healthy Choice Chicken Carbonara Frozen Meal 300g,https://www.woolworths.com.au/shop/productdetails/369451/mccain-healthy-choice-chicken-carbonara-frozen-meal,https://assets.woolworths.com.au/images/1005/369451.jpg?impolicy=wowsmkqiema&w=260&h=260,$5.00,$1.67 / 100G,4.3,16, Add to cart , Save to list 
Mccain Tuna Mornay Frozen Meal 400g,https://www.woolworths.com.au/shop/productdetails/89994/mccain-tuna-mornay-frozen-meal,https://assets.woolworths.com.au/images/1005/89994.jpg?impolicy=wowsmkqiema&w=260&h=260,$4.50,$1.13 / 100G,4.5,45, Add to cart , Save to list 
Tutto Pasta Gluten Free Bolognese Lasagne 350g,https://www.woolworths.com.au/shop/productdetails/633097/tutto-pasta-gluten-free-bolognese-lasagne,https://assets.woolworths.com.au/images/1005/633097.jpg?impolicy=wowsmkqiema&w=260&h=260,$6.50,$1.86 / 100G,3.6,13, Add to cart , Save to list 
Woolworths Vegetable Pad Thai Frozen Meal 375g,https://www.woolworths.com.au/shop/productdetails/140828/woolworths-vegetable-pad-thai-frozen-meal,https://assets.woolworths.com.au/images/1005/140828.jpg?impolicy=wowsmkqiema&w=260&h=260,$3.30,$0.88 / 100G,3.5,150, Add to cart , Save to list 
Sealord Australian Hoki Fish Bites Gluten Free Crumb 350g,https://www.woolworths.com.au/shop/productdetails/209675/sealord-australian-hoki-fish-bites-gluten-free-crumb,https://assets.woolworths.com.au/images/1005/209675.jpg?impolicy=wowsmkqiema&w=260&h=260,$11.50,$32.86 / 1KG,5.0,1, Add to cart , Save to list 
Earth Chickenless Schnitzel 300g,https://www.woolworths.com.au/shop/productdetails/139532/earth-chickenless-schnitzel-null,https://assets.woolworths.com.au/images/1005/139532.jpg?impolicy=wowsmkqiema&w=260&h=260,$5.45,$1.82 / 100G,,, Add to cart , Save to list 
Birds Eye Deli Barramundi Crisp Light Batter 250g,https://www.woolworths.com.au/shop/productdetails/780289/birds-eye-deli-barramundi-crisp-light-batter,https://assets.woolworths.com.au/images/1005/780289.jpg?impolicy=wowsmkqiema&w=260&h=260,$10.00,$40.00 / 1KG,3.7,13, Add to cart , Save to list 
Mccain Pizza Ham & Pineapple 500g,https://www.woolworths.com.au/shop/productdetails/96406/mccain-pizza-ham-pineapple,https://assets.woolworths.com.au/images/1005/96406.jpg?impolicy=wowsmkqiema&w=260&h=260,$8.50,$1.70 / 100G,4.2,45, Add to cart , Save to list 
Magnum Mini Ice Cream Almond Dessert Sticks 60ml X 6 Pack,https://www.woolworths.com.au/shop/productdetails/153673/magnum-mini-ice-cream-almond-dessert-sticks,https://assets.woolworths.com.au/images/1005/153673.jpg?impolicy=wowsmkqiema&w=260&h=260,$10.50,$2.92 / 100ML,4.8,45, Add to cart , Save to list 
Garlo's Lean Beef Pies 2 Pack,https://www.woolworths.com.au/shop/productdetails/659354/garlo-s-lean-beef-pies,https://assets.woolworths.com.au/images/1005/659354.jpg?impolicy=wowsmkqiema&w=260&h=260,$8.50,$2.13 / 100G,5.0,1, Add to cart , Save to list 
Skinny Cow Vanilla Chocolate Ice Cream Sundae Cups 4 Pack,https://www.woolworths.com.au/shop/productdetails/246896/skinny-cow-vanilla-chocolate-ice-cream-sundae-cups,https://assets.woolworths.com.au/images/1005/246896.jpg?impolicy=wowsmkqiema&w=260&h=260,,,,,, Save to list 
Connoisseur Ice Cream Raspberry White Chocolate 1l Tub,https://www.woolworths.com.au/shop/productdetails/881471/connoisseur-ice-cream-raspberry-white-chocolate,https://assets.woolworths.com.au/images/1005/881471.jpg?impolicy=wowsmkqiema&w=260&h=260,$12.00,$1.20 / 100ML,4.6,24, Add to cart , Save to list 
Amy's Kitchen Gluten Free Mexican Burrito Cheddar & Rice 156g,https://www.woolworths.com.au/shop/productdetails/825290/amy-s-kitchen-gluten-free-mexican-burrito-cheddar-rice,https://assets.woolworths.com.au/images/1005/825290.jpg?impolicy=wowsmkqiema&w=260&h=260,$4.90,$3.14 / 100G,4.6,14, Add to cart , Save to list 
Connoisseur Ice Cream Belgian Chocolate 1l Tub,https://www.woolworths.com.au/shop/productdetails/384044/connoisseur-ice-cream-belgian-chocolate,https://assets.woolworths.com.au/images/1005/384044.jpg?impolicy=wowsmkqiema&w=260&h=260,$12.00,$1.20 / 100ML,4.7,34, Add to cart , Save to list 
Mccain Lil Pizzas Snacks Ham & Cheese 4 Pack,https://www.woolworths.com.au/shop/productdetails/9660/mccain-lil-pizzas-snacks-ham-cheese,https://assets.woolworths.com.au/images/1005/9660.jpg?impolicy=wowsmkqiema&w=260&h=260,$7.80,$1.95 / 100G,,, Add to cart , Save to list 
Potato Utopia Crispy Seasoned Fries 600g,https://www.woolworths.com.au/shop/productdetails/203209/potato-utopia-crispy-seasoned-fries,https://assets.woolworths.com.au/images/1005/203209.jpg?impolicy=wowsmkqiema&w=260&h=260,,,,,, Save to list 
Woolworths Goats Cheese & Caramelised Onion Arancini 250g,https://www.woolworths.com.au/shop/productdetails/136888/woolworths-goats-cheese-caramelised-onion-arancini,https://assets.woolworths.com.au/images/1005/136888.jpg?impolicy=wowsmkqiema&w=260&h=260,$7.20,$2.88 / 100G,3.9,658, Add to cart , Save to list 
Proud & Punch Cookies 'n' Dream 6 Pack,https://www.woolworths.com.au/shop/productdetails/246405/proud-punch-cookies-n-dream,https://assets.woolworths.com.au/images/1005/246405.jpg?impolicy=wowsmkqiema&w=260&h=260,$8.50,$2.02 / 100ML,,, Add to cart , Save to list 
Peters Drumstick Super Chocolate 4 Pack,https://www.woolworths.com.au/shop/productdetails/7282/peters-drumstick-super-chocolate,https://assets.woolworths.com.au/images/1005/7282.jpg?impolicy=wowsmkqiema&w=260&h=260,$6.50,$1.37 / 100ML,5.0,31, Add to cart , Save to list 
Peters Drumstick Chocolate Mint 4 Pack,https://www.woolworths.com.au/shop/productdetails/330824/peters-drumstick-chocolate-mint,https://assets.woolworths.com.au/images/1005/330824.jpg?impolicy=wowsmkqiema&w=260&h=260,$6.50,$1.37 / 100ML,4.9,32, Add to cart , Save to list 
"Bubble O Bill Streets Ice Cream Sticks Chocolate,caramel & Strawberry 4 Pack",https://www.woolworths.com.au/shop/productdetails/178071/bubble-o-bill-streets-ice-cream-sticks-chocolate-caramel-strawberry,https://assets.woolworths.com.au/images/1005/178071.jpg?impolicy=wowsmkqiema&w=260&h=260,$10.00,$2.48 / 100ML,,, Add to cart , Save to list 
Woolworths Battered Fish Fillets 425g,https://www.woolworths.com.au/shop/productdetails/700545/woolworths-battered-fish-fillets,https://assets.woolworths.com.au/images/1005/700545.jpg?impolicy=wowsmkqiema&w=260&h=260,$5.00,$11.76 / 1KG,4.1,663, Add to cart , Save to list 
Mccain Healthy Choice Chinese Chicken Cashew Frozen Meal 280g,https://www.woolworths.com.au/shop/productdetails/369455/mccain-healthy-choice-chinese-chicken-cashew-frozen-meal,https://assets.woolworths.com.au/images/1005/369455.jpg?impolicy=wowsmkqiema&w=260&h=260,$5.00,$1.79 / 100G,4.2,14, Add to cart , Save to list 
Sara Lee Sticky Date Pudding 475g,https://www.woolworths.com.au/shop/productdetails/20032/sara-lee-sticky-date-pudding,https://assets.woolworths.com.au/images/1005/20032.jpg?impolicy=wowsmkqiema&w=260&h=260,$7.50,$1.58 / 100G,4.6,30, Add to cart , Save to list 
Birds Eye Deli Salt & Pepper Prawn Cutlets 225g,https://www.woolworths.com.au/shop/productdetails/109150/birds-eye-deli-salt-pepper-prawn-cutlets,https://assets.woolworths.com.au/images/1005/109150.jpg?impolicy=wowsmkqiema&w=260&h=260,$10.00,$44.44 / 1KG,,, Add to cart , Save to list 
Bulla Creamy Classics Ice Cream Sandwich Vanilla 4 Pack,https://www.woolworths.com.au/shop/productdetails/105678/bulla-creamy-classics-ice-cream-sandwich-vanilla,https://assets.woolworths.com.au/images/1005/105678.jpg?impolicy=wowsmkqiema&w=260&h=260,$7.00,$1.25 / 100ML,,, Add to cart , Save to list 
Sunny Queen Omelette Roll Fetta & Spinach Frozen 120g,https://www.woolworths.com.au/shop/productdetails/221002/sunny-queen-omelette-roll-fetta-spinach-frozen,https://assets.woolworths.com.au/images/1005/221002.jpg?impolicy=wowsmkqiema&w=260&h=260,$3.50,$2.92 / 100G,,, Add to cart , Save to list 
Annabel Karmel Mummy's Favourite Fish Pie Frozen Meal 200g,https://www.woolworths.com.au/shop/productdetails/544206/annabel-karmel-mummy-s-favourite-fish-pie-frozen-meal,https://assets.woolworths.com.au/images/1005/544206.jpg?impolicy=wowsmkqiema&w=260&h=260,$3.50,$1.75 / 100G,4.8,25, Add to cart , Save to list 
Amy's Kitchen Plant Based Spinach & Vegan Ricotta Style Cheeze Ravioli 238g,https://www.woolworths.com.au/shop/productdetails/218732/amy-s-kitchen-plant-based-spinach-vegan-ricotta-style-cheeze-ravioli,https://assets.woolworths.com.au/images/1005/218732.jpg?impolicy=wowsmkqiema&w=260&h=260,$3.75,$1.58 / 100G,,, Add to cart , Save to list 
Bulla Crunch Ice Cream Orange Mint Vanilla 8 Pack,https://www.woolworths.com.au/shop/productdetails/249170/bulla-crunch-ice-cream-orange-mint-vanilla,https://assets.woolworths.com.au/images/1005/249170.jpg?impolicy=wowsmkqiema&w=260&h=260,$8.00,$1.27 / 100ML,4.8,33, Add to cart , Save to list 
Mr Chen's Shanghai Soup Dumplings 240g,https://www.woolworths.com.au/shop/productdetails/107630/mr-chen-s-shanghai-soup-dumplings,https://assets.woolworths.com.au/images/1005/107630.jpg?impolicy=wowsmkqiema&w=260&h=260,$5.00,$2.08 / 100G,,, Add to cart , Save to list 
Potato Utopia Four Cheese Potato Gratin 400g,https://www.woolworths.com.au/shop/productdetails/203424/potato-utopia-four-cheese-potato-gratin,https://assets.woolworths.com.au/images/1005/203424.jpg?impolicy=wowsmkqiema&w=260&h=260,,,,,, Save to list 
﻿Chiko Original Rolls 4 Pack,https://www.woolworths.com.au/shop/productdetails/59793/chiko-original-rolls,https://assets.woolworths.com.au/images/1005/59793.jpg?impolicy=wowsmkqiema&w=260&h=260,$6.70,$1.03 / 100G,4.7,64, Add to cart , Save to list 
Just Caught Raw Prawn Cutlets 850g,https://www.woolworths.com.au/shop/productdetails/803034/just-caught-raw-prawn-cutlets,https://assets.woolworths.com.au/images/1005/803034.jpg?impolicy=wowsmkqiema&w=260&h=260,$29.00,$34.12 / 1KG,,, Add to cart , Save to list 
Just Caught Crumbed Squid Rings 800g,https://www.woolworths.com.au/shop/productdetails/245442/just-caught-crumbed-squid-rings,https://assets.woolworths.com.au/images/1005/245442.jpg?impolicy=wowsmkqiema&w=260&h=260,$13.00,$16.25 / 1KG,,, Add to cart , Save to list 
Strength Meals Co High Protein Italian Pork Pasta Meal 350g,https://www.woolworths.com.au/shop/productdetails/141134/strength-meals-co-high-protein-italian-pork-pasta-meal,https://assets.woolworths.com.au/images/1005/141134.jpg?impolicy=wowsmkqiema&w=260&h=260,$9.50,$2.71 / 100G,2.9,219, Add to cart , Save to list 
Woolworths Caramelised Onion Slow Braised Beef Pies 2 Pack,https://www.woolworths.com.au/shop/productdetails/171546/woolworths-caramelised-onion-slow-braised-beef-pies,https://assets.woolworths.com.au/images/1005/171546.jpg?impolicy=wowsmkqiema&w=260&h=260,$6.00,$1.50 / 100G,4.2,149, Add to cart , Save to list 
Della Rosa Bbq Meatlovers Family Pizza 500g,https://www.woolworths.com.au/shop/productdetails/81977/della-rosa-bbq-meatlovers-family-pizza,https://assets.woolworths.com.au/images/1005/81977.jpg?impolicy=wowsmkqiema&w=260&h=260,$6.50,$1.30 / 100G,4.1,19, Add to cart , Save to list 
Sara Lee Chocolate Swirl Bavarian 375g,https://www.woolworths.com.au/shop/productdetails/263648/sara-lee-chocolate-swirl-bavarian,https://assets.woolworths.com.au/images/1005/263648.jpg?impolicy=wowsmkqiema&w=260&h=260,$7.50,$2.00 / 100G,4.1,7, Add to cart , Save to list 
Sealord Australian Hoki Sourdough Crumb Wild Caught Fillets 300g,https://www.woolworths.com.au/shop/productdetails/178456/sealord-australian-hoki-sourdough-crumb-wild-caught-fillets,https://assets.woolworths.com.au/images/1005/178456.jpg?impolicy=wowsmkqiema&w=260&h=260,$9.00,$30.00 / 1KG,,, Add to cart , Save to list 
Bulla Creamy Classics Ice Cream Sandwich Neapolitan 4 Pack,https://www.woolworths.com.au/shop/productdetails/105495/bulla-creamy-classics-ice-cream-sandwich-neapolitan,https://assets.woolworths.com.au/images/1005/105495.jpg?impolicy=wowsmkqiema&w=260&h=260,$7.00,$1.25 / 100ML,,, Add to cart , Save to list 
Blue Ribbon Streets Chocolate Mint Reduced Fat Ice Cream Dessert Tub 2l,https://www.woolworths.com.au/shop/productdetails/120986/blue-ribbon-streets-chocolate-mint-reduced-fat-ice-cream-dessert-tub,https://assets.woolworths.com.au/images/1005/120986.jpg?impolicy=wowsmkqiema&w=260&h=260,$7.00,$0.35 / 100ML,,, Add to cart , Save to list 
Papa Giuseppi's Panini Tomato & Cheese 250g 2 Pack,https://www.woolworths.com.au/shop/productdetails/733157/papa-giuseppi-s-panini-tomato-cheese,https://assets.woolworths.com.au/images/1005/733157.jpg?impolicy=wowsmkqiema&w=260&h=260,$3.00,$1.20 / 100G,4.4,54, Add to cart , Save to list 
Creative Gourmet Frozen Dragon Fruit Chunks 400g,https://www.woolworths.com.au/shop/productdetails/680369/creative-gourmet-frozen-dragon-fruit-chunks,https://assets.woolworths.com.au/images/1005/680369.jpg?impolicy=wowsmkqiema&w=260&h=260,$4.50,$11.25 / 1KG,5.0,12, Add to cart , Save to list 
Woolworths Bolognese Arancini 8 Pack,https://www.woolworths.com.au/shop/productdetails/820798/woolworths-bolognese-arancini,https://assets.woolworths.com.au/images/1005/820798.jpg?impolicy=wowsmkqiema&w=260&h=260,$5.30,$2.21 / 100G,3.5,570, Add to cart , Save to list 
Lucky Kitchen Bbq Pork Dumplings 750g,https://www.woolworths.com.au/shop/productdetails/127814/lucky-kitchen-lucky-kitchen-bbq-pork-dumplings,https://assets.woolworths.com.au/images/1005/127814.jpg?impolicy=wowsmkqiema&w=260&h=260,$10.50,$1.40 / 100G,,, Add to cart , Save to list 
Essentials Fish Fingers 1kg,https://www.woolworths.com.au/shop/productdetails/96775/essentials-fish-fingers,https://assets.woolworths.com.au/images/1005/96775.jpg?impolicy=wowsmkqiema&w=260&h=260,$8.50,$8.50 / 1KG,3.4,471, Add to cart , Save to list 
Birds Eye Snap Frozen Peas & Corn 1kg,https://www.woolworths.com.au/shop/productdetails/705677/birds-eye-snap-frozen-peas-corn,https://assets.woolworths.com.au/images/1005/705677.jpg?impolicy=wowsmkqiema&w=260&h=260,$6.50,$6.50 / 1KG,4.8,26, Add to cart , Save to list 
Bulla Creamy Classics Ice Cream Rich Choc Chip 2l Tub,https://www.woolworths.com.au/shop/productdetails/191048/bulla-creamy-classics-ice-cream-rich-choc-chip,https://assets.woolworths.com.au/images/1005/191048.jpg?impolicy=wowsmkqiema&w=260&h=260,$5.00,$0.25 / 100ML,4.8,75, Add to cart , Save to list 
Mccain Dinner Roast Chicken Frozen Meal 320g,https://www.woolworths.com.au/shop/productdetails/93758/mccain-dinner-roast-chicken-frozen-meal,https://assets.woolworths.com.au/images/1005/93758.jpg?impolicy=wowsmkqiema&w=260&h=260,,,4.4,19,, Save to list 
Pie Society Meatless Classic Aussie Pies 2 Pack,https://www.woolworths.com.au/shop/productdetails/161882/pie-society-meatless-classic-aussie-pies,https://assets.woolworths.com.au/images/1005/161882.jpg?impolicy=wowsmkqiema&w=260&h=260,$9.00,$2.25 / 100G,,, Add to cart , Save to list 
Sealord Hoki Lightly Crumbed Classic Crumb Fillets 4 Pack,https://www.woolworths.com.au/shop/productdetails/143660/sealord-hoki-lightly-crumbed-classic-crumb-fillets,https://assets.woolworths.com.au/images/1005/143660.jpg?impolicy=wowsmkqiema&w=260&h=260,$9.00,$21.43 / 1KG,,, Add to cart , Save to list 
Peters Drumstick Mini Boysen Berry Swirl 6 Pack,https://www.woolworths.com.au/shop/productdetails/51932/peters-drumstick-mini-boysen-berry-swirl,https://assets.woolworths.com.au/images/1005/51932.jpg?impolicy=wowsmkqiema&w=260&h=260,$6.50,$1.35 / 100ML,4.7,33, Add to cart , Save to list 
Pana Organic Almond Frozen Dessert Sticks 4 Pack,https://www.woolworths.com.au/shop/productdetails/246082/pana-organic-almond-frozen-dessert-sticks,https://assets.woolworths.com.au/images/1005/246082.jpg?impolicy=wowsmkqiema&w=260&h=260,$12.50,$3.47 / 100ML,,, Add to cart , Save to list 
Bulla Fudge Bars 8 Pack,https://www.woolworths.com.au/shop/productdetails/179916/bulla-fudge-bars,https://assets.woolworths.com.au/images/1005/179916.jpg?impolicy=wowsmkqiema&w=260&h=260,$8.00,$1.33 / 100ML,,, Add to cart , Save to list 
Macro Organic Frozen Mixed Berries 450g,https://www.woolworths.com.au/shop/productdetails/815129/macro-organic-frozen-mixed-berries,https://assets.woolworths.com.au/images/1005/815129.jpg?impolicy=wowsmkqiema&w=260&h=260,,,4.6,965,, Save to list 
On The Menu Beef & Bacon With Cheese Loaded Pot Pie 400g,https://www.woolworths.com.au/shop/productdetails/162090/on-the-menu-beef-bacon-with-cheese-loaded-pot-pie,https://assets.woolworths.com.au/images/1005/162090.jpg?impolicy=wowsmkqiema&w=260&h=260,$8.00,$2.00 / 100G,,, Add to cart , Save to list 
Super Nature Pulses Bowl Tuna Bake Frozen Meal 300g,https://www.woolworths.com.au/shop/productdetails/56017/super-nature-pulses-bowl-tuna-bake-frozen-meal,https://assets.woolworths.com.au/images/1005/56017.jpg?impolicy=wowsmkqiema&w=260&h=260,$4.30,$1.43 / 100G,4.6,7, Add to cart , Save to list 
Oreo Cookie Sandwich 4 Pack,https://www.woolworths.com.au/shop/productdetails/219840/oreo-cookie-sandwich,https://assets.woolworths.com.au/images/1005/219840.jpg?impolicy=wowsmkqiema&w=260&h=260,$9.50,$1.76 / 100ML,,, Add to cart , Save to list 
Mr Chen's Gluten Free Vegetable Gyoza Dumplings 200g,https://www.woolworths.com.au/shop/productdetails/159037/mr-chen-s-gluten-free-vegetable-gyoza-dumplings,https://assets.woolworths.com.au/images/1005/159037.jpg?impolicy=wowsmkqiema&w=260&h=260,$8.00,$4.00 / 100G,,, Add to cart , Save to list 
Oreo Ice Cream Cone 4 Pack,https://www.woolworths.com.au/shop/productdetails/699046/oreo-ice-cream-cone,https://assets.woolworths.com.au/images/1005/699046.jpg?impolicy=wowsmkqiema&w=260&h=260,$9.50,$2.00 / 100ML,4.3,6, Add to cart , Save to list 
Super Nature Super Foods Japanese Style Katsu Chicken Frozen Meal 350g,https://www.woolworths.com.au/shop/productdetails/179746/super-nature-super-foods-japanese-style-katsu-chicken-frozen-meal,https://assets.woolworths.com.au/images/1005/179746.jpg?impolicy=wowsmkqiema&w=260&h=260,$6.50,$1.86 / 100G,,, Add to cart , Save to list 
Fropro Protein Pizza Italian Beef & Peppers 325g,https://www.woolworths.com.au/shop/productdetails/203580/fropro-protein-pizza-italian-beef-peppers,https://assets.woolworths.com.au/images/1005/203580.jpg?impolicy=wowsmkqiema&w=260&h=260,$12.00,$3.69 / 100G,,, Add to cart , Save to list 
Potato Utopia Rustic Skin On Fries 600g,https://www.woolworths.com.au/shop/productdetails/203425/potato-utopia-rustic-skin-on-fries,https://assets.woolworths.com.au/images/1005/203425.jpg?impolicy=wowsmkqiema&w=260&h=260,,,,,, Save to list 
Peters Original Twin Pole Vanilla Choc 8 Pack,https://www.woolworths.com.au/shop/productdetails/179446/peters-original-twin-pole-vanilla-choc,https://assets.woolworths.com.au/images/1005/179446.jpg?impolicy=wowsmkqiema&w=260&h=260,$5.50,$0.93 / 100ML,,, Add to cart , Save to list 
Cadbury Dairy Milk Caramello Ice Cream Sticks 4 Pack,https://www.woolworths.com.au/shop/productdetails/220954/cadbury-dairy-milk-caramello-ice-cream-sticks,https://assets.woolworths.com.au/images/1005/220954.jpg?impolicy=wowsmkqiema&w=260&h=260,$9.50,$2.64 / 100ML,3.0,1, Add to cart , Save to list 
Gluten Free Bakehouse Garlic Bread 300g,https://www.woolworths.com.au/shop/productdetails/54772/gluten-free-bakehouse-garlic-bread,https://assets.woolworths.com.au/images/1005/54772.jpg?impolicy=wowsmkqiema&w=260&h=260,$5.20,$1.73 / 100G,4.8,44, Add to cart , Save to list 
Fropro Singles Double Chocolate Ice Cream Sticks 3 Pack,https://www.woolworths.com.au/shop/productdetails/247105/fropro-singles-double-chocolate-ice-cream-sticks,https://assets.woolworths.com.au/images/1005/247105.jpg?impolicy=wowsmkqiema&w=260&h=260,,,,,, Save to list 
Golden Wok Diana Chan's Honey Soy Chicken Dumplings 230g,https://www.woolworths.com.au/shop/productdetails/160238/golden-wok-diana-chan-s-honey-soy-chicken-dumplings,https://assets.woolworths.com.au/images/1005/160238.jpg?impolicy=wowsmkqiema&w=260&h=260,$8.50,$3.70 / 100G,5.0,2, Add to cart , Save to list 
Connoisseur Rocky Road Ice Cream 4 Pack,https://www.woolworths.com.au/shop/productdetails/246857/connoisseur-rocky-road-ice-cream,https://assets.woolworths.com.au/images/1005/246857.jpg?impolicy=wowsmkqiema&w=260&h=260,$7.00,$7.78 / 100ML,,, Add to cart , Save to list 
Della Rosa Double Pepperoni Pizza 500g,https://www.woolworths.com.au/shop/productdetails/134509/della-rosa-double-pepperoni-pizza,https://assets.woolworths.com.au/images/1005/134509.jpg?impolicy=wowsmkqiema&w=260&h=260,$6.50,$1.30 / 100G,2.8,24, Add to cart , Save to list 
Lotus Biscoff White Chocolate Ice Cream Sticks 3 Pack,https://www.woolworths.com.au/shop/productdetails/274765/lotus-biscoff-white-chocolate-ice-cream-sticks,https://assets.woolworths.com.au/images/1005/274765.jpg?impolicy=wowsmkqiema&w=260&h=260,$9.00,$3.33 / 100ML,,, Add to cart , Save to list 
Little Moons Belgian Chocolate & Hazelnut Frozen Mochi Bites 6 Pack,https://www.woolworths.com.au/shop/productdetails/222576/little-moons-belgian-chocolate-hazelnut-frozen-mochi-bites,https://assets.woolworths.com.au/images/1005/222576.jpg?impolicy=wowsmkqiema&w=260&h=260,$8.00,$4.17 / 100G,,, Add to cart , Save to list 
Quorn 2 Cheese & Spinach Schnitzels & Spinach 240g,https://www.woolworths.com.au/shop/productdetails/369497/quorn-2-cheese-spinach-schnitzels-spinach,https://assets.woolworths.com.au/images/1005/369497.jpg?impolicy=wowsmkqiema&w=260&h=260,$7.00,$2.92 / 100G,,, Add to cart , Save to list 
Just Caught Salt & Pepper Squid 800g,https://www.woolworths.com.au/shop/productdetails/244300/just-caught-salt-pepper-squid,https://assets.woolworths.com.au/images/1005/244300.jpg?impolicy=wowsmkqiema&w=260&h=260,,,,,, Save to list 
Ingham's Super Crunch Seasoned Chicken Dippers 700g,https://www.woolworths.com.au/shop/productdetails/162721/ingham-s-super-crunch-seasoned-chicken-dippers,https://assets.woolworths.com.au/images/1005/162721.jpg?impolicy=wowsmkqiema&w=260&h=260,$15.50,$22.14 / 1KG,,, Add to cart , Save to list 
Mccain Honey Stir Fry Chicken Healthy Choice Frozen Meal 330g,https://www.woolworths.com.au/shop/productdetails/661424/mccain-honey-stir-fry-chicken-healthy-choice-frozen-meal,https://assets.woolworths.com.au/images/1005/661424.jpg?impolicy=wowsmkqiema&w=260&h=260,$5.00,$1.52 / 100G,3.9,19, Add to cart , Save to list 
Art Of Pastry Frozen Fillo Pastry Sheets 375g,https://www.woolworths.com.au/shop/productdetails/76777/art-of-pastry-frozen-fillo-pastry-sheets,https://assets.woolworths.com.au/images/1005/76777.jpg?impolicy=wowsmkqiema&w=260&h=260,$5.00,$1.33 / 100G,4.5,398, Add to cart , Save to list 
Core Powerfoods Beef Taco Bowl 350g,https://www.woolworths.com.au/shop/productdetails/221396/core-powerfoods-beef-taco-bowl,https://assets.woolworths.com.au/images/1005/221396.jpg?impolicy=wowsmkqiema&w=260&h=260,$9.00,$2.57 / 100G,,, Add to cart , Save to list 
Cheesebuddy Gluten Free Cheese Puffs 450g,https://www.woolworths.com.au/shop/productdetails/893902/cheesebuddy-gluten-free-cheese-puffs,https://assets.woolworths.com.au/images/1005/893902.jpg?impolicy=wowsmkqiema&w=260&h=260,$6.60,$1.47 / 100G,4.8,42, Add to cart , Save to list 
Sealord Frozen New Zealand Hoki Fish Burger 4 Pack,https://www.woolworths.com.au/shop/productdetails/197151/sealord-frozen-new-zealand-hoki-fish-burger,https://assets.woolworths.com.au/images/1005/197151.jpg?impolicy=wowsmkqiema&w=260&h=260,$9.00,$19.57 / 1KG,,, Add to cart , Save to list 
Super Nature Slow Cooked Lamb Hot Pot Frozen Meal 300g,https://www.woolworths.com.au/shop/productdetails/691813/super-nature-slow-cooked-lamb-hot-pot-frozen-meal,https://assets.woolworths.com.au/images/1005/691813.jpg?impolicy=wowsmkqiema&w=260&h=260,$4.30,$1.43 / 100G,4.7,9, Add to cart , Save to list 
Nestle Kitkat Ice Cream Sticks 4 Pack,https://www.woolworths.com.au/shop/productdetails/147940/nestle-kitkat-ice-cream-sticks,https://assets.woolworths.com.au/images/1005/147940.jpg?impolicy=wowsmkqiema&w=260&h=260,$9.50,$2.64 / 100ML,3.0,1, Add to cart , Save to list 
Blue Ribbon Neapolitan Reduced Fat Ice Cream Dessert Tub 2l,https://www.woolworths.com.au/shop/productdetails/739602/blue-ribbon-neapolitan-reduced-fat-ice-cream-dessert-tub,https://assets.woolworths.com.au/images/1005/739602.jpg?impolicy=wowsmkqiema&w=260&h=260,$7.00,$0.35 / 100ML,4.6,25, Add to cart , Save to list 
National Pies Curried Chicken Pie Single 180g,https://www.woolworths.com.au/shop/productdetails/763609/national-pies-curried-chicken-pie-single,https://assets.woolworths.com.au/images/1005/763609.jpg?impolicy=wowsmkqiema&w=260&h=260,$2.35,$1.31 / 100G,,, Add to cart , Save to list 
Lean Cuisine Indian Butter Chicken With Rice Frozen Meal 375g,https://www.woolworths.com.au/shop/productdetails/116711/lean-cuisine-indian-butter-chicken-with-rice-frozen-meal,https://assets.woolworths.com.au/images/1005/116711.jpg?impolicy=wowsmkqiema&w=260&h=260,$6.70,$1.79 / 100G,,, Add to cart , Save to list 
Dr. Oetker Papa Giuseppis Rising Stuffed Crust Pepperoni Pizza 470g,https://www.woolworths.com.au/shop/productdetails/691789/dr-oetker-papa-giuseppis-rising-stuffed-crust-pepperoni-pizza,https://assets.woolworths.com.au/images/1005/691789.jpg?impolicy=wowsmkqiema&w=260&h=260,$7.00,$1.49 / 100G,4.1,14, Add to cart , Save to list 
Haagen-dazs Caramel Biscuit & Cream Ice Cream Tub 457ml,https://www.woolworths.com.au/shop/productdetails/674016/haagen-dazs-caramel-biscuit-cream-ice-cream-tub,https://assets.woolworths.com.au/images/1005/674016.jpg?impolicy=wowsmkqiema&w=260&h=260,$12.50,$2.74 / 100ML,,, Add to cart , Save to list 
Sealord Hoki Lightly Crumbed Lemon & Herb Fillets 4 Pack,https://www.woolworths.com.au/shop/productdetails/143669/sealord-hoki-lightly-crumbed-lemon-herb-fillets,https://assets.woolworths.com.au/images/1005/143669.jpg?impolicy=wowsmkqiema&w=260&h=260,$9.00,$21.43 / 1KG,,, Add to cart , Save to list 
Golden Wok Asian Mini Dim Sims 660g,https://www.woolworths.com.au/shop/productdetails/22497/golden-wok-asian-mini-dim-sims,https://assets.woolworths.com.au/images/1005/22497.jpg?impolicy=wowsmkqiema&w=260&h=260,$12.00,$1.82 / 100G,4.3,38, Add to cart , Save to list 
Tak Hing Taro Bao 6 Pack,https://www.woolworths.com.au/shop/productdetails/180300/tak-hing-taro-bao,https://assets.woolworths.com.au/images/1005/180300.jpg?impolicy=wowsmkqiema&w=260&h=260,$6.00,$1.69 / 100G,,, Add to cart , Save to list 
Plantry Plant Based Food Co Teriyaki Meal 350g,https://www.woolworths.com.au/shop/productdetails/210606/plantry-plant-based-food-co-teriyaki-meal,https://assets.woolworths.com.au/images/1005/210606.jpg?impolicy=wowsmkqiema&w=260&h=260,$7.50,$2.14 / 100G,,, Add to cart , Save to list 
"Reese's Nutrageous Peanut Butter, Peanuts, Chocolate & Caramel 1l",https://www.woolworths.com.au/shop/productdetails/218387/reese-s-nutrageous-peanut-butter-peanuts-chocolate-caramel,https://assets.woolworths.com.au/images/1005/218387.jpg?impolicy=wowsmkqiema&w=260&h=260,$4.50,$0.45 / 100ML,,, Add to cart , Save to list 
Paddle Pop Streets Ice Cream Banana 8 Pack,https://www.woolworths.com.au/shop/productdetails/106304/paddle-pop-streets-ice-cream-banana,https://assets.woolworths.com.au/images/1005/106304.jpg?impolicy=wowsmkqiema&w=260&h=260,$9.00,$1.65 / 100ML,5.0,1, Add to cart , Save to list 
Connoisseur Ice Cream Cafe Grande 1l Tub,https://www.woolworths.com.au/shop/productdetails/1793/connoisseur-ice-cream-cafe-grande,https://assets.woolworths.com.au/images/1005/1793.jpg?impolicy=wowsmkqiema&w=260&h=260,$12.00,$1.20 / 100ML,4.8,57, Add to cart , Save to list 
Patties Party Pack 1.25kg,https://www.woolworths.com.au/shop/productdetails/55613/patties-party-pack,https://assets.woolworths.com.au/images/1005/55613.jpg?impolicy=wowsmkqiema&w=260&h=260,$16.90,$1.35 / 100G,4.7,96, Add to cart , Save to list 
Connoisseur Ice Cream Vanilla Caramel Brownie 1l,https://www.woolworths.com.au/shop/productdetails/699140/connoisseur-ice-cream-vanilla-caramel-brownie,https://assets.woolworths.com.au/images/1005/699140.jpg?impolicy=wowsmkqiema&w=260&h=260,$12.00,$1.20 / 100ML,4.7,20, Add to cart , Save to list 
Bulla Creamy Classics Ice Cream Mint Choc Chip 2l Tub,https://www.woolworths.com.au/shop/productdetails/259612/bulla-creamy-classics-ice-cream-mint-choc-chip,https://assets.woolworths.com.au/images/1005/259612.jpg?impolicy=wowsmkqiema&w=260&h=260,$5.00,$0.25 / 100ML,4.7,61, Add to cart , Save to list 
On The Menu Roast Beef Frozen Meal 320g,https://www.woolworths.com.au/shop/productdetails/369501/on-the-menu-roast-beef-frozen-meal-roast-beef-frozen-meal,https://assets.woolworths.com.au/images/1005/369501.jpg?impolicy=wowsmkqiema&w=260&h=260,$6.00,$1.88 / 100G,,, Add to cart , Save to list 
Macro Organic Corn Kernels 450g,https://www.woolworths.com.au/shop/productdetails/817502/macro-organic-corn-kernels,https://assets.woolworths.com.au/images/1005/817502.jpg?impolicy=wowsmkqiema&w=260&h=260,$5.00,$11.11 / 1KG,4.2,542, Add to cart , Save to list 
Woolworths Ice Cream Cones Choc Mint 4 Pack,https://www.woolworths.com.au/shop/productdetails/792236/woolworths-ice-cream-cones-choc-mint,https://assets.woolworths.com.au/images/1005/792236.jpg?impolicy=wowsmkqiema&w=260&h=260,,,4.6,1611,, Save to list 
Ingham's Chicken Nuggets Original 1kg,https://www.woolworths.com.au/shop/productdetails/227176/ingham-s-chicken-nuggets-original,https://assets.woolworths.com.au/images/1005/227176.jpg?impolicy=wowsmkqiema&w=260&h=260,,,,,, Save to list 
Birds Eye Oven Bake Crumbed Lemon 425g,https://www.woolworths.com.au/shop/productdetails/38910/birds-eye-oven-bake-crumbed-lemon,https://assets.woolworths.com.au/images/1005/38910.jpg?impolicy=wowsmkqiema&w=260&h=260,$5.25,$12.35 / 1KG,4.4,49, Add to cart , Save to list 
Halo Top Plant Based Choc Hazelnut Frozen Dessert 473ml,https://www.woolworths.com.au/shop/productdetails/116983/halo-top-plant-based-choc-hazelnut-frozen-dessert,https://assets.woolworths.com.au/images/1005/116983.jpg?impolicy=wowsmkqiema&w=260&h=260,$10.50,$2.22 / 100ML,,, Add to cart , Save to list 
Peters Maxibon Waffle On Icecream Bars 4 Pack,https://www.woolworths.com.au/shop/productdetails/232735/peters-maxibon-waffle-on-icecream-bars,https://assets.woolworths.com.au/images/1005/232735.jpg?impolicy=wowsmkqiema&w=260&h=260,$9.50,$1.70 / 100ML,,, Add to cart , Save to list 
Bulla Frozen Yogurt Mango Apricot Or Passionfruit Dessert Sticks 8 Pack,https://www.woolworths.com.au/shop/productdetails/247543/bulla-frozen-yogurt-mango-apricot-or-passionfruit-dessert-sticks,https://assets.woolworths.com.au/images/1005/247543.jpg?impolicy=wowsmkqiema&w=260&h=260,$8.00,$1.67 / 100G,,, Add to cart , Save to list 
Nanna's Rhubarb & Apple Crumble 550g,https://www.woolworths.com.au/shop/productdetails/739902/nanna-s-rhubarb-apple-crumble,https://assets.woolworths.com.au/images/1005/739902.jpg?impolicy=wowsmkqiema&w=260&h=260,$5.00,$0.91 / 100G,4.8,21, Add to cart , Save to list 
I&j Fish Fillets Original Crumb 1kg,https://www.woolworths.com.au/shop/productdetails/110895/i-j-fish-fillets-original-crumb,https://assets.woolworths.com.au/images/1005/110895.jpg?impolicy=wowsmkqiema&w=260&h=260,$13.00,$13.00 / 1KG,,, Add to cart , Save to list 
Gluten Free Bakehouse Chunky Beef Pie 2 Pack,https://www.woolworths.com.au/shop/productdetails/694031/gluten-free-bakehouse-chunky-beef-pie,https://assets.woolworths.com.au/images/1005/694031.jpg?impolicy=wowsmkqiema&w=260&h=260,$8.50,$2.50 / 100G,4.5,55, Add to cart , Save to list 
Bulla Real Dairy Chocolate & Vanilla Tub 4l,https://www.woolworths.com.au/shop/productdetails/119800/bulla-real-dairy-chocolate-vanilla-tub,https://assets.woolworths.com.au/images/1005/119800.jpg?impolicy=wowsmkqiema&w=260&h=260,$10.00,$0.25 / 100ML,,, Add to cart , Save to list 
Haagen-dazs Fruit Collection Mini Cups 4 Pack,https://www.woolworths.com.au/shop/productdetails/53610/haagen-dazs-fruit-collection-mini-cups,https://assets.woolworths.com.au/images/1005/53610.jpg?impolicy=wowsmkqiema&w=260&h=260,$12.50,$3.29 / 100ML,,, Add to cart , Save to list 
Mccain Spaghetti Bolognese Frozen Meal 400g,https://www.woolworths.com.au/shop/productdetails/96821/mccain-spaghetti-bolognese-frozen-meal,https://assets.woolworths.com.au/images/1005/96821.jpg?impolicy=wowsmkqiema&w=260&h=260,$4.50,$1.13 / 100G,4.2,23, Add to cart , Save to list 
Ocean Chef South American Flathead Fillets 1kg,https://www.woolworths.com.au/shop/productdetails/682485/ocean-chef-south-american-flathead-fillets,https://assets.woolworths.com.au/images/1005/682485.jpg?impolicy=wowsmkqiema&w=260&h=260,$18.50,$18.50 / 1KG,,, Add to cart , Save to list 
National Pies Chunky Beef Bacon & Cheese 180g,https://www.woolworths.com.au/shop/productdetails/266703/national-pies-chunky-beef-bacon-cheese,https://assets.woolworths.com.au/images/1005/266703.jpg?impolicy=wowsmkqiema&w=260&h=260,$2.35,$1.31 / 100G,,, Add to cart , Save to list 
Super Nature Super Foods Carbonara Chicken Fettuccine Frozen Meal 350g,https://www.woolworths.com.au/shop/productdetails/179460/super-nature-super-foods-carbonara-chicken-fettuccine-frozen-meal,https://assets.woolworths.com.au/images/1005/179460.jpg?impolicy=wowsmkqiema&w=260&h=260,$6.50,$1.86 / 100G,,, Add to cart , Save to list 
Ocean Chef Hoki Fillets 1kg,https://www.woolworths.com.au/shop/productdetails/665989/ocean-chef-hoki-fillets,https://assets.woolworths.com.au/images/1005/665989.jpg?impolicy=wowsmkqiema&w=260&h=260,$16.40,$16.40 / 1KG,,, Add to cart , Save to list 
Chupa Chups Mixed Minis Ice Cream Sticks 10 Pack,https://www.woolworths.com.au/shop/productdetails/241655/chupa-chups-mixed-minis-ice-cream-sticks,https://assets.woolworths.com.au/images/1005/241655.jpg?impolicy=wowsmkqiema&w=260&h=260,$8.00,$2.00 / 100ML,,, Add to cart , Save to list 
Ingham's Free Range Chicken Breast Ciabatta Nuggets 400g,https://www.woolworths.com.au/shop/productdetails/726289/ingham-s-free-range-chicken-breast-ciabatta-nuggets,https://assets.woolworths.com.au/images/1005/726289.jpg?impolicy=wowsmkqiema&w=260&h=260,$10.65,$26.63 / 1KG,4.6,50, Add to cart , Save to list 
Birds Eye Oven Bake Crumbed Wild Caught Fish Fillets 425g,https://www.woolworths.com.au/shop/productdetails/45916/birds-eye-oven-bake-crumbed-wild-caught-fish-fillets,https://assets.woolworths.com.au/images/1005/45916.jpg?impolicy=wowsmkqiema&w=260&h=260,$5.25,$12.35 / 1KG,4.3,62, Add to cart , Save to list 
Buono Lychee Mochi Sorbet 6 Pack,https://www.woolworths.com.au/shop/productdetails/169392/buono-lychee-mochi-sorbet,https://assets.woolworths.com.au/images/1005/169392.jpg?impolicy=wowsmkqiema&w=260&h=260,$7.50,$4.81 / 100G,,, Add to cart , Save to list 
Birds Eye Fish Cakes Oven Fry 300g,https://www.woolworths.com.au/shop/productdetails/39353/birds-eye-fish-cakes-oven-fry,https://assets.woolworths.com.au/images/1005/39353.jpg?impolicy=wowsmkqiema&w=260&h=260,$5.40,$18.00 / 1KG,4.0,29, Add to cart , Save to list 
Magnum Classic Dairy Free Frozen Dessert Sticks 3 Pack,https://www.woolworths.com.au/shop/productdetails/819294/magnum-classic-dairy-free-frozen-dessert-sticks,https://assets.woolworths.com.au/images/1005/819294.jpg?impolicy=wowsmkqiema&w=260&h=260,$9.00,$3.33 / 100ML,4.9,67, Add to cart , Save to list 
Sara Lee Ice Cream Classic Ultra Chocolate 1l Tub,https://www.woolworths.com.au/shop/productdetails/12347/sara-lee-ice-cream-classic-ultra-chocolate,https://assets.woolworths.com.au/images/1005/12347.jpg?impolicy=wowsmkqiema&w=260&h=260,$9.00,$0.90 / 100ML,4.7,49, Add to cart , Save to list 
Harry Hoo & Co Pork Spring Rolls 450g,https://www.woolworths.com.au/shop/productdetails/221181/harry-hoo-co-pork-spring-rolls,https://assets.woolworths.com.au/images/1005/221181.jpg?impolicy=wowsmkqiema&w=260&h=260,$5.50,$1.22 / 100G,,, Add to cart , Save to list 
Mccain Pub Size Rich Beef Meatballs Frozen Meal 480g,https://www.woolworths.com.au/shop/productdetails/137796/mccain-pub-size-rich-beef-meatballs-frozen-meal,https://assets.woolworths.com.au/images/1005/137796.jpg?impolicy=wowsmkqiema&w=260&h=260,$7.50,$1.56 / 100G,4.0,1, Add to cart , Save to list 
Pana Organic Double Chocolate Frozen Dessert Tub 950ml,https://www.woolworths.com.au/shop/productdetails/246768/pana-organic-double-chocolate-frozen-dessert-tub,https://assets.woolworths.com.au/images/1005/246768.jpg?impolicy=wowsmkqiema&w=260&h=260,,,,,, Save to list 
Bayview Gluten Free Chicken Pieces Breast Bites 260g,https://www.woolworths.com.au/shop/productdetails/744827/bayview-gluten-free-chicken-pieces-breast-bites,https://assets.woolworths.com.au/images/1005/744827.jpg?impolicy=wowsmkqiema&w=260&h=260,$9.00,$3.41 / 100G,4.5,26, Add to cart , Save to list 
Vegie Delights Smokey Bbq Burgers 300g,https://www.woolworths.com.au/shop/productdetails/211607/vegie-delights-smokey-bbq-burgers,https://assets.woolworths.com.au/images/1005/211607.jpg?impolicy=wowsmkqiema&w=260&h=260,$5.80,$1.93 / 100G,,, Add to cart , Save to list 
Birds Eye Deli Seasonal Catch Flathead In Light Batter 250g,https://www.woolworths.com.au/shop/productdetails/60993/birds-eye-deli-seasonal-catch-flathead-in-light-batter,https://assets.woolworths.com.au/images/1005/60993.jpg?impolicy=wowsmkqiema&w=260&h=260,$10.00,$40.00 / 1KG,4.6,13, Add to cart , Save to list 
Cadbury Crunchie Bars 4 Pack,https://www.woolworths.com.au/shop/productdetails/51739/cadbury-crunchie-bars,https://assets.woolworths.com.au/images/1005/51739.jpg?impolicy=wowsmkqiema&w=260&h=260,$9.50,$3.17 / 100ML,4.8,17, Add to cart , Save to list 
Woolworths 8 Potato Mashies With Gravy Filling 200g,https://www.woolworths.com.au/shop/productdetails/206338/woolworths-8-potato-mashies-with-gravy-filling,https://assets.woolworths.com.au/images/1005/206338.jpg?impolicy=wowsmkqiema&w=260&h=260,$5.30,$2.21 / 100G,,, Add to cart , Save to list 
Twisted Raw C Coconut Pops Original 4 Pack,https://www.woolworths.com.au/shop/productdetails/240385/twisted-raw-c-coconut-pops-original,https://assets.woolworths.com.au/images/1005/240385.jpg?impolicy=wowsmkqiema&w=260&h=260,$7.50,$2.34 / 100ML,,, Add to cart , Save to list 
Oreo Cookie Sandwich Sticks 4 Pack,https://www.woolworths.com.au/shop/productdetails/179753/oreo-cookie-sandwich-sticks,https://assets.woolworths.com.au/images/1005/179753.jpg?impolicy=wowsmkqiema&w=260&h=260,$9.50,$3.17 / 100ML,,, Add to cart , Save to list 
Sara Lee Custard Danish 400g,https://www.woolworths.com.au/shop/productdetails/724747/sara-lee-custard-danish,https://assets.woolworths.com.au/images/1005/724747.jpg?impolicy=wowsmkqiema&w=260&h=260,$6.50,$1.63 / 100G,4.8,22, Add to cart , Save to list 
Ingham's Super Crunch Seasoned Chicken Dippers 325g,https://www.woolworths.com.au/shop/productdetails/121454/ingham-s-super-crunch-seasoned-chicken-dippers,https://assets.woolworths.com.au/images/1005/121454.jpg?impolicy=wowsmkqiema&w=260&h=260,$6.00,$18.46 / 1KG,,, Add to cart , Save to list 
Halo Top Cookies & Cream Frozen Dessert Tub 473ml,https://www.woolworths.com.au/shop/productdetails/170881/halo-top-cookies-cream-frozen-dessert-tub,https://assets.woolworths.com.au/images/1005/170881.jpg?impolicy=wowsmkqiema&w=260&h=260,$10.50,$2.22 / 100ML,,, Add to cart , Save to list 
Birds Eye Oven Bake Lightly Battered Fish 6 Pack,https://www.woolworths.com.au/shop/productdetails/45940/birds-eye-oven-bake-lightly-battered-fish,https://assets.woolworths.com.au/images/1005/45940.jpg?impolicy=wowsmkqiema&w=260&h=260,$5.25,$12.35 / 1KG,4.3,81, Add to cart , Save to list 
Golden Wok Diana Chan's Bbq Pork Dumplings 230g,https://www.woolworths.com.au/shop/productdetails/159904/golden-wok-diana-chan-s-bbq-pork-dumplings,https://assets.woolworths.com.au/images/1005/159904.jpg?impolicy=wowsmkqiema&w=260&h=260,$8.50,$3.70 / 100G,,, Add to cart , Save to list 
Woolworths Pizza Bites 200g,https://www.woolworths.com.au/shop/productdetails/136906/woolworths-pizza-bites,https://assets.woolworths.com.au/images/1005/136906.jpg?impolicy=wowsmkqiema&w=260&h=260,$5.30,$2.65 / 100G,3.0,412, Add to cart , Save to list 
Mccain Lil Pizzas Cheesy Vegemite 380g,https://www.woolworths.com.au/shop/productdetails/271210/mccain-lil-pizzas-cheesy-vegemite,https://assets.woolworths.com.au/images/1005/271210.jpg?impolicy=wowsmkqiema&w=260&h=260,$7.80,$2.05 / 100G,,, Add to cart , Save to list 
Twisted Licks Strawberries N Cream Ice Creams 4 Pack,https://www.woolworths.com.au/shop/productdetails/243894/twisted-licks-strawberries-n-cream-ice-creams,https://assets.woolworths.com.au/images/1005/243894.jpg?impolicy=wowsmkqiema&w=260&h=260,$4.50,$1.41 / 100ML,,, Add to cart , Save to list 
Lean Cuisine Thai Red Chicken Curry With Rice Frozen Meal 375g,https://www.woolworths.com.au/shop/productdetails/113969/lean-cuisine-thai-red-chicken-curry-with-rice-frozen-meal,https://assets.woolworths.com.au/images/1005/113969.jpg?impolicy=wowsmkqiema&w=260&h=260,$6.70,$1.79 / 100G,,, Add to cart , Save to list 
Ingham's Airmazing Chicken Nuggets 400g,https://www.woolworths.com.au/shop/productdetails/227290/ingham-s-airmazing-chicken-nuggets,https://assets.woolworths.com.au/images/1005/227290.jpg?impolicy=wowsmkqiema&w=260&h=260,$7.00,$17.50 / 1KG,,, Add to cart , Save to list 
On The Menu Beef Lasagne 2kg,https://www.woolworths.com.au/shop/productdetails/574627/on-the-menu-beef-lasagne-null,https://assets.woolworths.com.au/images/1005/574627.jpg?impolicy=wowsmkqiema&w=260&h=260,$10.80,$0.54 / 100G,4.5,55, Add to cart , Save to list 
Macro Organic Cauliflower 450g,https://www.woolworths.com.au/shop/productdetails/54134/macro-organic-cauliflower,https://assets.woolworths.com.au/images/1005/54134.jpg?impolicy=wowsmkqiema&w=260&h=260,$5.00,$11.11 / 1KG,3.9,383, Add to cart , Save to list 
Golden Gaytime Streets Ice Cream Bites 279ml,https://www.woolworths.com.au/shop/productdetails/206974/golden-gaytime-streets-ice-cream-bites,https://assets.woolworths.com.au/images/1005/206974.jpg?impolicy=wowsmkqiema&w=260&h=260,$7.70,$2.76 / 100ML,3.0,1, Add to cart , Save to list 
Harry Hoo & Co Chicken Dim Sims 1.5kg,https://www.woolworths.com.au/shop/productdetails/164043/harry-hoo-co-chicken-dim-sims,https://assets.woolworths.com.au/images/1005/164043.jpg?impolicy=wowsmkqiema&w=260&h=260,$9.50,$0.63 / 100G,5.0,2, Add to cart , Save to list 
Cadbury Dairy Milk Hazelnut Sticks 4 Pack,https://www.woolworths.com.au/shop/productdetails/119674/cadbury-dairy-milk-hazelnut-sticks,https://assets.woolworths.com.au/images/1005/119674.jpg?impolicy=wowsmkqiema&w=260&h=260,$9.50,$2.64 / 100ML,,, Add to cart , Save to list 
Bulla Creamy Classics Ice Cream Vanilla & Boysenberry 2l,https://www.woolworths.com.au/shop/productdetails/574618/bulla-creamy-classics-ice-cream-vanilla-boysenberry,https://assets.woolworths.com.au/images/1005/574618.jpg?impolicy=wowsmkqiema&w=260&h=260,$5.00,$0.25 / 100ML,4.9,24, Add to cart , Save to list 
Dineamic Butter Chicken With Turmeric Rice & Currants 320g,https://www.woolworths.com.au/shop/productdetails/212010/dineamic-butter-chicken-with-turmeric-rice-currants,https://assets.woolworths.com.au/images/1005/212010.jpg?impolicy=wowsmkqiema&w=260&h=260,$9.00,$2.81 / 100G,,, Add to cart , Save to list 
Jase's Kitchen Frozen Pizza Base Gluten Free 2 Pack,https://www.woolworths.com.au/shop/productdetails/411280/jase-s-kitchen-frozen-pizza-base-gluten-free,https://assets.woolworths.com.au/images/1005/411280.jpg?impolicy=wowsmkqiema&w=260&h=260,$8.00,$2.11 / 100G,4.8,12, Add to cart , Save to list 
Core Powerfoods Naked Parmigiana 350g,https://www.woolworths.com.au/shop/productdetails/221067/core-powerfoods-naked-parmigiana,https://assets.woolworths.com.au/images/1005/221067.jpg?impolicy=wowsmkqiema&w=260&h=260,$9.00,$2.57 / 100G,,, Add to cart , Save to list 
Notco Notchicken Plant Based Nuggets 300g,https://www.woolworths.com.au/shop/productdetails/219673/not-co-notco-notchicken-plant-based-nuggets,https://assets.woolworths.com.au/images/1005/219673.jpg?impolicy=wowsmkqiema&w=260&h=260,$4.25,$1.42 / 100G,,, Add to cart , Save to list 
Peters Drumstick Hokey Pokey 4 Pack,https://www.woolworths.com.au/shop/productdetails/259039/peters-drumstick-hokey-pokey,https://assets.woolworths.com.au/images/1005/259039.jpg?impolicy=wowsmkqiema&w=260&h=260,$6.50,$1.37 / 100ML,,, Add to cart , Save to list 
Connoisseur Mint With Cookies Ice Cream Tub 1l,https://www.woolworths.com.au/shop/productdetails/633610/connoisseur-mint-with-cookies-ice-cream-tub,https://assets.woolworths.com.au/images/1005/633610.jpg?impolicy=wowsmkqiema&w=260&h=260,,,3.6,21,, Save to list 
Mccain Beef & Bacon Pasta Bake Frozen Meal 400g,https://www.woolworths.com.au/shop/productdetails/661425/mccain-beef-bacon-pasta-bake-frozen-meal,https://assets.woolworths.com.au/images/1005/661425.jpg?impolicy=wowsmkqiema&w=260&h=260,$4.50,$1.13 / 100G,4.2,10, Add to cart , Save to list 
Fropro Keto Scoop Vanilla With Caramel Ripple Tub 473ml,https://www.woolworths.com.au/shop/productdetails/180029/fropro-keto-scoop-vanilla-with-caramel-ripple-tub,https://assets.woolworths.com.au/images/1005/180029.jpg?impolicy=wowsmkqiema&w=260&h=260,$7.50,$1.59 / 100ML,,, Add to cart , Save to list 
Woolworths Cheese & Bacon Pizza 500g,https://www.woolworths.com.au/shop/productdetails/124183/woolworths-cheese-bacon-pizza,https://assets.woolworths.com.au/images/1005/124183.jpg?impolicy=wowsmkqiema&w=260&h=260,$5.00,$1.00 / 100G,3.6,506, Add to cart , Save to list 
Oob Organic Frozen Blueberries 450g,https://www.woolworths.com.au/shop/productdetails/931859/oob-organic-frozen-blueberries,https://assets.woolworths.com.au/images/1005/931859.jpg?impolicy=wowsmkqiema&w=260&h=260,$10.50,$23.33 / 1KG,4.9,17, Add to cart , Save to list 
Potato Utopia Mashed Potato With Butter 460g,https://www.woolworths.com.au/shop/productdetails/203423/potato-utopia-mashed-potato-with-butter,https://assets.woolworths.com.au/images/1005/203423.jpg?impolicy=wowsmkqiema&w=260&h=260,$5.00,$10.87 / 1KG,,, Add to cart , Save to list 
Halo Top Salted Caramel Ice Cream Tub 473ml,https://www.woolworths.com.au/shop/productdetails/239723/halo-top-salted-caramel-ice-cream-tub,https://assets.woolworths.com.au/images/1005/239723.jpg?impolicy=wowsmkqiema&w=260&h=260,$10.50,$2.22 / 100ML,,, Add to cart , Save to list 
Denada Sugar Free Caramel Macadamia Frozen Dessert Tub 475ml,https://www.woolworths.com.au/shop/productdetails/182741/denada-sugar-free-caramel-macadamia-frozen-dessert-tub,https://assets.woolworths.com.au/images/1005/182741.jpg?impolicy=wowsmkqiema&w=260&h=260,,,,,, Save to list 
Ruffie Rustic Foods Plant-based Protein Powered With Pasta 350g,https://www.woolworths.com.au/shop/productdetails/249496/ruffie-rustic-foods-plant-based-protein-powered-with-pasta,https://assets.woolworths.com.au/images/1005/249496.jpg?impolicy=wowsmkqiema&w=260&h=260,$7.00,$2.00 / 100G,,, Add to cart , Save to list 
Sun Circle Pork & Chive Dumplings 600g,https://www.woolworths.com.au/shop/productdetails/89799/sun-circle-pork-chive-dumplings,https://assets.woolworths.com.au/images/1005/89799.jpg?impolicy=wowsmkqiema&w=260&h=260,$7.50,$1.25 / 100G,4.0,3, Add to cart , Save to list 
Magnum Ice Cream White Dessert Sticks 4 Pack,https://www.woolworths.com.au/shop/productdetails/485662/magnum-ice-cream-white-dessert-sticks,https://assets.woolworths.com.au/images/1005/485662.jpg?impolicy=wowsmkqiema&w=260&h=260,$10.50,$2.45 / 100ML,4.5,10, Add to cart , Save to list 
Woolworths Cheese & Ham Croquettes 8 Pack,https://www.woolworths.com.au/shop/productdetails/575574/woolworths-cheese-ham-croquettes,https://assets.woolworths.com.au/images/1005/575574.jpg?impolicy=wowsmkqiema&w=260&h=260,$5.30,$1.77 / 100G,3.6,83, Add to cart , Save to list 
Connoisseur Minis Salted Caramel & Macadamia 6 Pack,https://www.woolworths.com.au/shop/productdetails/781527/connoisseur-minis-salted-caramel-macadamia,https://assets.woolworths.com.au/images/1005/781527.jpg?impolicy=wowsmkqiema&w=260&h=260,$7.00,$1.94 / 100ML,4.6,16, Add to cart , Save to list 
Woolworths Plantitude Fish Free Battered Lemon Pepper Fillets 280g,https://www.woolworths.com.au/shop/productdetails/179956/woolworths-plantitude-fish-free-battered-lemon-pepper-fillets,https://assets.woolworths.com.au/images/1005/179956.jpg?impolicy=wowsmkqiema&w=260&h=260,$7.00,$2.50 / 100G,2.5,108, Add to cart , Save to list 
Bulla Rainbow Ice Cream Cake 1.5l,https://www.woolworths.com.au/shop/productdetails/858754/bulla-rainbow-ice-cream-cake,https://assets.woolworths.com.au/images/1005/858754.jpg?impolicy=wowsmkqiema&w=260&h=260,$15.00,$1.00 / 100ML,4.5,17, Add to cart , Save to list 
Mccain Lamb Cutlet & Gravy Frozen 320g,https://www.woolworths.com.au/shop/productdetails/146418/mccain-lamb-cutlet-gravy-frozen-null,https://assets.woolworths.com.au/images/1005/146418.jpg?impolicy=wowsmkqiema&w=260&h=260,$7.50,$2.34 / 100G,3.9,17, Add to cart , Save to list 
Mr Chen's Gluten Free Prawn Hargow Dumpling 204g,https://www.woolworths.com.au/shop/productdetails/652578/mr-chen-s-gluten-free-prawn-hargow-dumpling,https://assets.woolworths.com.au/images/1005/652578.jpg?impolicy=wowsmkqiema&w=260&h=260,$8.00,$3.92 / 100G,5.0,4, Add to cart , Save to list 
Peters Twin Pole Blue Raspberry Spider 8pack,https://www.woolworths.com.au/shop/productdetails/246706/peters-twin-pole-blue-raspberry-spider,https://assets.woolworths.com.au/images/1005/246706.jpg?impolicy=wowsmkqiema&w=260&h=260,$5.50,$1.01 / 100ML,,, Add to cart , Save to list 
Bulla Murray St Chocolate Fudge Ripple Ice Cream 1l,https://www.woolworths.com.au/shop/productdetails/231444/bulla-murray-st-chocolate-fudge-ripple-ice-cream,https://assets.woolworths.com.au/images/1005/231444.jpg?impolicy=wowsmkqiema&w=260&h=260,$7.50,$0.75 / 100ML,,, Add to cart , Save to list 
Double Merino Pastry Gow Gee 275g,https://www.woolworths.com.au/shop/productdetails/85721/double-merino-pastry-gow-gee,https://assets.woolworths.com.au/images/1005/85721.jpg?impolicy=wowsmkqiema&w=260&h=260,$2.90,$1.05 / 100G,,, Add to cart , Save to list 
Haagen-dazs Cookies & Cream 457ml,https://www.woolworths.com.au/shop/productdetails/681526/haagen-dazs-cookies-cream,https://assets.woolworths.com.au/images/1005/681526.jpg?impolicy=wowsmkqiema&w=260&h=260,$12.50,$2.74 / 100ML,,, Add to cart , Save to list 
Nanna's Multipack Pies & Desserts Apple & Blackberry Pie 4 Pack,https://www.woolworths.com.au/shop/productdetails/37552/nanna-s-multipack-pies-desserts-apple-blackberry-pie,https://assets.woolworths.com.au/images/1005/37552.jpg?impolicy=wowsmkqiema&w=260&h=260,$5.00,$1.11 / 100G,4.8,25, Add to cart , Save to list 
Ingham's Super Crunch Hot & Spicy Chicken Bites 700g,https://www.woolworths.com.au/shop/productdetails/162540/ingham-s-super-crunch-hot-spicy-chicken-bites,https://assets.woolworths.com.au/images/1005/162540.jpg?impolicy=wowsmkqiema&w=260&h=260,$15.50,$22.14 / 1KG,,, Add to cart , Save to list 
Heinz One Pan Italian Style Risotto Frozen Freezer Ready Meal 600g,https://www.woolworths.com.au/shop/productdetails/221242/heinz-one-pan-italian-style-risotto-frozen-freezer-ready-meal,https://assets.woolworths.com.au/images/1005/221242.jpg?impolicy=wowsmkqiema&w=260&h=260,$10.00,$1.67 / 100G,,, Add to cart , Save to list 
Bulla Murray St Ice Creamery Vanilla & Boysenberry Swirl Ice Cream 1l,https://www.woolworths.com.au/shop/productdetails/231194/bulla-murray-st-ice-creamery-vanilla-boysenberry-swirl-ice-cream,https://assets.woolworths.com.au/images/1005/231194.jpg?impolicy=wowsmkqiema&w=260&h=260,$7.50,$0.75 / 100ML,5.0,1, Add to cart , Save to list 
Aussie Frozen Fruit 100% Australian Pineapples 400g,https://www.woolworths.com.au/shop/productdetails/153290/aussie-frozen-fruit-100-australian-pineapples,https://assets.woolworths.com.au/images/1005/153290.jpg?impolicy=wowsmkqiema&w=260&h=260,,,,,, Save to list 
Fropro Protein Pocket Cheeseburger 200g,https://www.woolworths.com.au/shop/productdetails/221510/fropro-protein-pocket-cheeseburger,https://assets.woolworths.com.au/images/1005/221510.jpg?impolicy=wowsmkqiema&w=260&h=260,$6.50,$3.25 / 100G,,, Add to cart , Save to list 
Core Powerfoods  Core Powerfoods Smokey Mountain Meatballs 350g,https://www.woolworths.com.au/shop/productdetails/672866/core-powerfoods-smokey-mountain-meatballs,https://assets.woolworths.com.au/images/1005/672866.jpg?impolicy=wowsmkqiema&w=260&h=260,,,,,, Save to list 
Halo Top Vanilla Choc Caramel Crunch Ice Cream 473ml,https://www.woolworths.com.au/shop/productdetails/278516/halo-top-vanilla-choc-caramel-crunch-ice-cream,https://assets.woolworths.com.au/images/1005/278516.jpg?impolicy=wowsmkqiema&w=260&h=260,$10.00,$2.11 / 100ML,,, Add to cart , Save to list 
Hinterland Rum & Raisin Ice Cream 1l,https://www.woolworths.com.au/shop/productdetails/153281/hinterland-rum-raisin-ice-cream,https://assets.woolworths.com.au/images/1005/153281.jpg?impolicy=wowsmkqiema&w=260&h=260,$8.50,$0.85 / 100ML,,, Add to cart , Save to list 
Sara Lee Strawberries & Cream Ice Cream 1l,https://www.woolworths.com.au/shop/productdetails/781541/sara-lee-strawberries-cream-ice-cream,https://assets.woolworths.com.au/images/1005/781541.jpg?impolicy=wowsmkqiema&w=260&h=260,$9.00,$0.90 / 100ML,4.6,42, Add to cart , Save to list 
Mr Chen's Microwave Easy Snack Pack Prawn Hargow Dumplings 126g,https://www.woolworths.com.au/shop/productdetails/212723/mr-chen-s-microwave-easy-snack-pack-prawn-hargow-dumplings,https://assets.woolworths.com.au/images/1005/212723.jpg?impolicy=wowsmkqiema&w=260&h=260,$5.50,$4.37 / 100G,,, Add to cart , Save to list 
Birds Eye Deli Flathead Fish Bites Crisp Light Batter 250g,https://www.woolworths.com.au/shop/productdetails/111368/birds-eye-deli-flathead-fish-bites-crisp-light-batter,https://assets.woolworths.com.au/images/1005/111368.jpg?impolicy=wowsmkqiema&w=260&h=260,$10.00,$40.00 / 1KG,,, Add to cart , Save to list 
Connoisseur Gourmet Ice Cream Mini Cookies & Cream Sticks 6 Pack,https://www.woolworths.com.au/shop/productdetails/134077/connoisseur-gourmet-ice-cream-mini-cookies-cream-sticks,https://assets.woolworths.com.au/images/1005/134077.jpg?impolicy=wowsmkqiema&w=260&h=260,$7.00,$1.94 / 100ML,,, Add to cart , Save to list 
Dr. Oetker Papa Giuseppis Rising Stuffed Crust Supreme Pizza 525g,https://www.woolworths.com.au/shop/productdetails/691788/dr-oetker-papa-giuseppis-rising-stuffed-crust-supreme-pizza,https://assets.woolworths.com.au/images/1005/691788.jpg?impolicy=wowsmkqiema&w=260&h=260,$7.00,$1.33 / 100G,4.6,27, Add to cart , Save to list 
Magnum Luxe Caramel Ego Ice Cream 97ml X 4 Pack,https://www.woolworths.com.au/shop/productdetails/134105/magnum-luxe-caramel-ego-ice-cream,https://assets.woolworths.com.au/images/1005/134105.jpg?impolicy=wowsmkqiema&w=260&h=260,$11.50,$2.96 / 100ML,4.5,2, Add to cart , Save to list 
Golden Wok Diana Chan's Szechuan Pork Dumplings 750g,https://www.woolworths.com.au/shop/productdetails/161633/golden-wok-diana-chan-s-szechuan-pork-dumplings,https://assets.woolworths.com.au/images/1005/161633.jpg?impolicy=wowsmkqiema&w=260&h=260,$19.00,$2.53 / 100G,,, Add to cart , Save to list 
Amy's Kitchen Broccoli & Cheddar Bake 270g,https://www.woolworths.com.au/shop/productdetails/217100/amy-s-kitchen-broccoli-cheddar-bake,https://assets.woolworths.com.au/images/1005/217100.jpg?impolicy=wowsmkqiema&w=260&h=260,$7.50,$2.78 / 100G,,, Add to cart , Save to list 
Sammontana Gruvi Pistachio 4 Pack,https://www.woolworths.com.au/shop/productdetails/244903/sammontana-gruvi-pistachio,https://assets.woolworths.com.au/images/1005/244903.jpg?impolicy=wowsmkqiema&w=260&h=260,$10.00,$3.33 / 100ML,,, Add to cart , Save to list 
Bulla Creamy Classics Cones Triple Choc 4 Pack,https://www.woolworths.com.au/shop/productdetails/180472/bulla-creamy-classics-cones-triple-choc,https://assets.woolworths.com.au/images/1005/180472.jpg?impolicy=wowsmkqiema&w=260&h=260,$9.00,$1.73 / 100ML,,, Add to cart , Save to list 
Oreo Tub 1.2l,https://www.woolworths.com.au/shop/productdetails/53739/oreo-tub,https://assets.woolworths.com.au/images/1005/53739.jpg?impolicy=wowsmkqiema&w=260&h=260,$6.50,$0.54 / 100ML,3.9,7, Add to cart , Save to list 
Gruvi Almond Crunch Ice Cream Sticks 4 Pack,https://www.woolworths.com.au/shop/productdetails/243075/sammontana-gruvi-almond-crunch-ice-cream-sticks,https://assets.woolworths.com.au/images/1005/243075.jpg?impolicy=wowsmkqiema&w=260&h=260,$10.00,$3.33 / 100ML,,, Add to cart , Save to list 
Gluten Free Bakehouse Tasty Cheese & Bacon Quiche 2 Pack,https://www.woolworths.com.au/shop/productdetails/161926/gluten-free-bakehouse-tasty-cheese-bacon-quiche,https://assets.woolworths.com.au/images/1005/161926.jpg?impolicy=wowsmkqiema&w=260&h=260,$6.50,$2.32 / 100G,,, Add to cart , Save to list 
Ingham's Super Crunch Hot & Spicy Chicken Bites 325g,https://www.woolworths.com.au/shop/productdetails/121902/ingham-s-super-crunch-hot-spicy-chicken-bites,https://assets.woolworths.com.au/images/1005/121902.jpg?impolicy=wowsmkqiema&w=260&h=260,$6.00,$18.46 / 1KG,,, Add to cart , Save to list 
La Gina Woodfired Rocket & Crumbled Goats Cheese Italian Pizza 405g,https://www.woolworths.com.au/shop/productdetails/56918/la-gina-woodfired-rocket-crumbled-goats-cheese-italian-pizza,https://assets.woolworths.com.au/images/1005/56918.jpg?impolicy=wowsmkqiema&w=260&h=260,$7.50,$1.85 / 100G,4.0,579, Add to cart , Save to list 
Just Caught Tempura Battered Whiting Fillets 800g,https://www.woolworths.com.au/shop/productdetails/245434/just-caught-tempura-battered-whiting-fillets,https://assets.woolworths.com.au/images/1005/245434.jpg?impolicy=wowsmkqiema&w=260&h=260,$13.00,$16.25 / 1KG,,, Add to cart , Save to list 
On The Menu Beer Battered Fish & Chips Frozen Meal 320g,https://www.woolworths.com.au/shop/productdetails/657078/on-the-menu-beer-battered-fish-chips-frozen-meal,https://assets.woolworths.com.au/images/1005/657078.jpg?impolicy=wowsmkqiema&w=260&h=260,$6.00,$1.88 / 100G,4.3,21, Add to cart , Save to list 
Gluten Free Bakehouse Gluten Free Chicken & Leek Pies 2 Pack,https://www.woolworths.com.au/shop/productdetails/162316/gluten-free-bakehouse-gluten-free-chicken-leek-pies,https://assets.woolworths.com.au/images/1005/162316.jpg?impolicy=wowsmkqiema&w=260&h=260,$9.00,$2.65 / 100G,,, Add to cart , Save to list 
Magnum Classic Ice Cream Dessert Tub 440ml,https://www.woolworths.com.au/shop/productdetails/636655/magnum-classic-ice-cream-dessert-tub,https://assets.woolworths.com.au/images/1005/636655.jpg?impolicy=wowsmkqiema&w=260&h=260,$10.50,$2.39 / 100ML,4.4,20, Add to cart , Save to list 
Magnum Ice Cream Peppermint Dessert Sticks 107ml X 4 Pack,https://www.woolworths.com.au/shop/productdetails/485661/magnum-ice-cream-peppermint-dessert-sticks,https://assets.woolworths.com.au/images/1005/485661.jpg?impolicy=wowsmkqiema&w=260&h=260,$10.50,$2.45 / 100ML,4.4,17, Add to cart , Save to list 
Ingham's Chicken Family Duets Creamy Garlic Frozen Meal 600g,https://www.woolworths.com.au/shop/productdetails/348916/ingham-s-chicken-family-duets-creamy-garlic-frozen-meal,https://assets.woolworths.com.au/images/1005/348916.jpg?impolicy=wowsmkqiema&w=260&h=260,$12.50,$20.83 / 1KG,4.6,46, Add to cart , Save to list 
Much Moore Awesome Salted Caramel Ice Cream Tub 2l,https://www.woolworths.com.au/shop/productdetails/560627/much-moore-awesome-salted-caramel-ice-cream-tub,https://assets.woolworths.com.au/images/1005/560627.jpg?impolicy=wowsmkqiema&w=260&h=260,$11.00,$0.55 / 100ML,,, Add to cart , Save to list 
Mccain Ultra Thin Crust Pizza Tandoori 320g,https://www.woolworths.com.au/shop/productdetails/702330/mccain-ultra-thin-crust-pizza-tandoori,https://assets.woolworths.com.au/images/1005/702330.jpg?impolicy=wowsmkqiema&w=260&h=260,$9.00,$2.81 / 100G,4.6,8, Add to cart , Save to list 
Haagen-dazs Duo Vanilla Brownie & Raspberry Crunch 420ml,https://www.woolworths.com.au/shop/productdetails/242105/haagen-dazs-duo-vanilla-brownie-raspberry-crunch,https://assets.woolworths.com.au/images/1005/242105.jpg?impolicy=wowsmkqiema&w=260&h=260,$12.50,$2.98 / 100ML,,, Add to cart , Save to list 
Dineamic Creamy Pesto Chicken With Spiral Pasta & Broccoli 320g,https://www.woolworths.com.au/shop/productdetails/212378/dineamic-creamy-pesto-chicken-with-spiral-pasta-broccoli,https://assets.woolworths.com.au/images/1005/212378.jpg?impolicy=wowsmkqiema&w=260&h=260,$9.00,$2.81 / 100G,,, Add to cart , Save to list 
Mr Chen's Pork & Chive Dumplings 300g,https://www.woolworths.com.au/shop/productdetails/710587/mr-chen-s-pork-chive-dumplings,https://assets.woolworths.com.au/images/1005/710587.jpg?impolicy=wowsmkqiema&w=260&h=260,$5.00,$1.67 / 100G,4.4,20, Add to cart , Save to list 
Twisted Raw C Coconut Pops Lychee 4 Pack,https://www.woolworths.com.au/shop/productdetails/241673/twisted-raw-c-coconut-pops-lychee,https://assets.woolworths.com.au/images/1005/241673.jpg?impolicy=wowsmkqiema&w=260&h=260,$7.50,$2.34 / 100ML,,, Add to cart , Save to list 
"Lean Cuisine Chicken, Cheese & Pepper Pasta Frozen Meal 375g",https://www.woolworths.com.au/shop/productdetails/116953/lean-cuisine-chicken-cheese-pepper-pasta-frozen-meal,https://assets.woolworths.com.au/images/1005/116953.jpg?impolicy=wowsmkqiema&w=260&h=260,$6.70,$1.79 / 100G,,, Add to cart , Save to list 
Jase's Kitchen Gluten Free Ham & Pineapple Pizza 185g,https://www.woolworths.com.au/shop/productdetails/671631/jase-s-kitchen-gluten-free-ham-pineapple-pizza,https://assets.woolworths.com.au/images/1005/671631.jpg?impolicy=wowsmkqiema&w=260&h=260,$5.00,$2.70 / 100G,3.7,15, Add to cart , Save to list 
Liz & Betty Mini Cheese Puffs Manchego & Jalapeno Bite Sized 150g,https://www.woolworths.com.au/shop/productdetails/217495/liz-betty-bitesize-liz-betty-mini-cheese-puffs-manchego-jalapeno-bite-sized,https://assets.woolworths.com.au/images/1005/217495.jpg?impolicy=wowsmkqiema&w=260&h=260,$10.00,$6.67 / 100G,,, Add to cart , Save to list 
La Gina Woodfired Burrata & Semi Dried Tomato Italian Pizza 405g,https://www.woolworths.com.au/shop/productdetails/56917/la-gina-woodfired-burrata-semi-dried-tomato-italian-pizza,https://assets.woolworths.com.au/images/1005/56917.jpg?impolicy=wowsmkqiema&w=260&h=260,$7.50,$1.85 / 100G,3.7,752, Add to cart , Save to list 
Bulla Murray St Ice Creamery Honey & Salted Caramel Peanut Icecream 1l,https://www.woolworths.com.au/shop/productdetails/232126/bulla-murray-st-ice-creamery-honey-salted-caramel-peanut-icecream,https://assets.woolworths.com.au/images/1005/232126.jpg?impolicy=wowsmkqiema&w=260&h=260,$7.50,$0.75 / 100ML,,, Add to cart , Save to list 
Reese's Peanut Butter Chocolate Cone 4 Pack,https://www.woolworths.com.au/shop/productdetails/858555/reese-s-peanut-butter-chocolate-cone,https://assets.woolworths.com.au/images/1005/858555.jpg?impolicy=wowsmkqiema&w=260&h=260,$9.00,$1.91 / 100ML,4.6,29, Add to cart , Save to list 
Mr Chen's Prawn Hargow Dumplings 300g,https://www.woolworths.com.au/shop/productdetails/705130/mr-chen-s-prawn-hargow-dumplings,https://assets.woolworths.com.au/images/1005/705130.jpg?impolicy=wowsmkqiema&w=260&h=260,$5.00,$1.67 / 100G,4.5,42, Add to cart , Save to list 
Bulla Murray Street Caramel Maple & Macadamia 4 Pack,https://www.woolworths.com.au/shop/productdetails/119867/bulla-murray-street-caramel-maple-macadamia,https://assets.woolworths.com.au/images/1005/119867.jpg?impolicy=wowsmkqiema&w=260&h=260,$10.00,$2.50 / 100ML,,, Add to cart , Save to list 
Connoisseur Camarosa Strawberry Gourmet Ice Cream 1l,https://www.woolworths.com.au/shop/productdetails/85277/connoisseur-camarosa-strawberry-gourmet-ice-cream,https://assets.woolworths.com.au/images/1005/85277.jpg?impolicy=wowsmkqiema&w=260&h=260,$12.00,$1.20 / 100ML,4.8,4, Add to cart , Save to list 
Just Caught Crumbed Pollock Fillets 1kg,https://www.woolworths.com.au/shop/productdetails/19341/just-caught-crumbed-pollock-fillets,https://assets.woolworths.com.au/images/1005/19341.jpg?impolicy=wowsmkqiema&w=260&h=260,$9.00,$9.00 / 1KG,,, Add to cart , Save to list 
Sara Lee Blueberry Danish 400g,https://www.woolworths.com.au/shop/productdetails/724739/sara-lee-blueberry-danish,https://assets.woolworths.com.au/images/1005/724739.jpg?impolicy=wowsmkqiema&w=260&h=260,$6.50,$1.63 / 100G,4.7,11, Add to cart , Save to list 
Little Moons Honey Roasted Pistachio Mochi Bites 6 Pack,https://www.woolworths.com.au/shop/productdetails/222577/little-moons-honey-roasted-pistachio-mochi-bites,https://assets.woolworths.com.au/images/1005/222577.jpg?impolicy=wowsmkqiema&w=260&h=260,$8.00,$4.17 / 100G,,, Add to cart , Save to list 
Woolworths Belgian Chocolate Lava Cake 2 Pack 180g,https://www.woolworths.com.au/shop/productdetails/609001/woolworths-belgian-chocolate-lava-cake-2-pack,https://assets.woolworths.com.au/images/1005/609001.jpg?impolicy=wowsmkqiema&w=260&h=260,$4.20,$2.33 / 100G,4.3,385, Add to cart , Save to list 
Katz Gluten Free Glazed Donuts 397g,https://www.woolworths.com.au/shop/productdetails/223870/acit-import-exports-katz-gluten-free-glazed-donuts,https://assets.woolworths.com.au/images/1005/223870.jpg?impolicy=wowsmkqiema&w=260&h=260,$10.00,$2.52 / 100G,4.0,1, Add to cart , Save to list 
Connoisseur Blood Orange & Chocolate Ice Cream 4 Pack,https://www.woolworths.com.au/shop/productdetails/215820/connoisseur-blood-orange-chocolate-ice-cream,https://assets.woolworths.com.au/images/1005/215820.jpg?impolicy=wowsmkqiema&w=260&h=260,$7.00,$1.75 / 100ML,,, Add to cart , Save to list 
Pana Organic Salted Mango & Macadamia Frozen Dessert Tub 950ml,https://www.woolworths.com.au/shop/productdetails/246720/pana-organic-salted-mango-macadamia-frozen-dessert-tub,https://assets.woolworths.com.au/images/1005/246720.jpg?impolicy=wowsmkqiema&w=260&h=260,$15.00,$1.58 / 100ML,,, Add to cart , Save to list 
Mccain Family Pizza Pepperoni 490g,https://www.woolworths.com.au/shop/productdetails/165354/mccain-family-pizza-pepperoni,https://assets.woolworths.com.au/images/1005/165354.jpg?impolicy=wowsmkqiema&w=260&h=260,$8.50,$1.73 / 100G,,, Add to cart , Save to list 
Connoisseur Salted Caramel & Macadamia Ice Cream 4 Pack,https://www.woolworths.com.au/shop/productdetails/215819/connoisseur-salted-caramel-macadamia-ice-cream,https://assets.woolworths.com.au/images/1005/215819.jpg?impolicy=wowsmkqiema&w=260&h=260,$7.00,$1.75 / 100ML,,, Add to cart , Save to list 
Woolworths Chicken Breast Fillets Garlic & Crumb 350g,https://www.woolworths.com.au/shop/productdetails/130108/woolworths-chicken-breast-fillets-garlic-crumb,https://assets.woolworths.com.au/images/1005/130108.jpg?impolicy=wowsmkqiema&w=260&h=260,$8.00,$22.86 / 1KG,4.0,635, Add to cart , Save to list 
Patties Party Pastries Party 12 Pack,https://www.woolworths.com.au/shop/productdetails/77883/patties-party-pastries-party,https://assets.woolworths.com.au/images/1005/77883.jpg?impolicy=wowsmkqiema&w=260&h=260,$7.50,$1.50 / 100G,3.0,2, Add to cart , Save to list 
Sailing Boat Gua Bao Steamed Bun 320g,https://www.woolworths.com.au/shop/productdetails/820973/sailing-boat-gua-bao-steamed-bun,https://assets.woolworths.com.au/images/1005/820973.jpg?impolicy=wowsmkqiema&w=260&h=260,$5.30,$1.66 / 100G,,, Add to cart , Save to list 
Coco & Lucas' Kitchen Chicken Fried Rice 270g,https://www.woolworths.com.au/shop/productdetails/214155/coco-lucas-kitchen-chicken-fried-rice,https://assets.woolworths.com.au/images/1005/214155.jpg?impolicy=wowsmkqiema&w=260&h=260,$6.50,$2.41 / 100G,,, Add to cart , Save to list 
Ingham's Free Range Chicken Breast Ciabatta Parsley Crumb Frozen 300g,https://www.woolworths.com.au/shop/productdetails/66711/ingham-s-free-range-chicken-breast-ciabatta-parsley-crumb-frozen,https://assets.woolworths.com.au/images/1005/66711.jpg?impolicy=wowsmkqiema&w=260&h=260,$10.65,$35.50 / 1KG,4.4,14, Add to cart , Save to list 
Just Caught Classic Crumbed Prawns 500g,https://www.woolworths.com.au/shop/productdetails/245354/just-caught-classic-crumbed-prawns,https://assets.woolworths.com.au/images/1005/245354.jpg?impolicy=wowsmkqiema&w=260&h=260,$13.00,$26.00 / 1KG,,, Add to cart , Save to list 
Bulla Murray Street Vanilla Bean & Chocolate Almond Sticks 4 Pack,https://www.woolworths.com.au/shop/productdetails/120562/bulla-murray-street-vanilla-bean-chocolate-almond-sticks,https://assets.woolworths.com.au/images/1005/120562.jpg?impolicy=wowsmkqiema&w=260&h=260,$10.00,$2.50 / 100ML,,, Add to cart , Save to list 
Ruffie Rustic Foods Plant-based Protein Powered Veg Bolognese 350g,https://www.woolworths.com.au/shop/productdetails/249168/ruffie-rustic-foods-plant-based-protein-powered-veg-bolognese,https://assets.woolworths.com.au/images/1005/249168.jpg?impolicy=wowsmkqiema&w=260&h=260,$7.00,$2.00 / 100G,,, Add to cart , Save to list 
Birds Eye Fish Cakes Salmon With Vegetables & Herbs 480g,https://www.woolworths.com.au/shop/productdetails/224053/birds-eye-fish-cakes-salmon-with-vegetables-herbs,https://assets.woolworths.com.au/images/1005/224053.jpg?impolicy=wowsmkqiema&w=260&h=260,,,4.4,20,, Save to list 
Woolworths Herb Crumbed Mozzarella Balls 8 Pack,https://www.woolworths.com.au/shop/productdetails/206339/woolworths-herb-crumbed-mozzarella-balls,https://assets.woolworths.com.au/images/1005/206339.jpg?impolicy=wowsmkqiema&w=260&h=260,$5.30,$2.65 / 100G,,, Add to cart , Save to list 
Birds Eye Oven Bake Fish Original Crumb 1kg,https://www.woolworths.com.au/shop/productdetails/445885/birds-eye-oven-bake-fish-original-crumb,https://assets.woolworths.com.au/images/1005/445885.jpg?impolicy=wowsmkqiema&w=260&h=260,$17.00,$17.00 / 1KG,,, Add to cart , Save to list 
Nanna's Frozen Crepes 400g,https://www.woolworths.com.au/shop/productdetails/942352/nanna-s-frozen-crepes,https://assets.woolworths.com.au/images/1005/942352.jpg?impolicy=wowsmkqiema&w=260&h=260,$8.00,$2.00 / 100G,4.9,10, Add to cart , Save to list 
Mr Chen's Microwave Easy Snack Pack Bbq Pork Buns 110g,https://www.woolworths.com.au/shop/productdetails/215549/mr-chen-s-microwave-easy-snack-pack-bbq-pork-buns,https://assets.woolworths.com.au/images/1005/215549.jpg?impolicy=wowsmkqiema&w=260&h=260,$5.50,$5.00 / 100G,,, Add to cart , Save to list 
Sailing Seas Hot Pot Mix 500g,https://www.woolworths.com.au/shop/productdetails/89829/sailing-seas-hot-pot-mix-null,https://assets.woolworths.com.au/images/1005/89829.jpg?impolicy=wowsmkqiema&w=260&h=260,$7.00,$1.40 / 100G,,, Add to cart , Save to list 
Much Moore Vanilla Bean Ice Cream 1l,https://www.woolworths.com.au/shop/productdetails/225712/much-moore-much-moore-vanilla-bean-ice-cream,https://assets.woolworths.com.au/images/1005/225712.jpg?impolicy=wowsmkqiema&w=260&h=260,$6.50,$0.65 / 100ML,,, Add to cart , Save to list 
Fropro Protein Pocket Pizza 200g,https://www.woolworths.com.au/shop/productdetails/221059/fropro-protein-pocket-pizza,https://assets.woolworths.com.au/images/1005/221059.jpg?impolicy=wowsmkqiema&w=260&h=260,$6.50,$3.25 / 100G,,, Add to cart , Save to list 
Connoisseur Mint & Cookies Ice Cream 4 Pack,https://www.woolworths.com.au/shop/productdetails/215904/connoisseur-mint-cookies-ice-cream,https://assets.woolworths.com.au/images/1005/215904.jpg?impolicy=wowsmkqiema&w=260&h=260,$7.00,$1.75 / 100ML,4.0,1, Add to cart , Save to list 
"Mrs Macs Brush & Bake Chicken, Leek & Mushroom Pies 2 Pack",https://www.woolworths.com.au/shop/productdetails/220934/mrs-macs-brush-bake-chicken-leek-mushroom-pies,https://assets.woolworths.com.au/images/1005/220934.jpg?impolicy=wowsmkqiema&w=260&h=260,$7.50,$1.88 / 100G,,, Add to cart , Save to list 
Gluten Free Bakehouse Microwavable Gluten Free Sausage Roll 160g,https://www.woolworths.com.au/shop/productdetails/160938/gluten-free-bakehouse-microwavable-gluten-free-sausage-roll,https://assets.woolworths.com.au/images/1005/160938.jpg?impolicy=wowsmkqiema&w=260&h=260,$4.00,$2.50 / 100G,,, Add to cart , Save to list 
Seng Hork Prawn & Pork Dumplings 500g,https://www.woolworths.com.au/shop/productdetails/602034/seng-hork-prawn-pork-dumplings-null,https://assets.woolworths.com.au/images/1005/602034.jpg?impolicy=wowsmkqiema&w=260&h=260,$7.50,$1.50 / 100G,5.0,4, Add to cart , Save to list 
Sammontana Gruvi Stracciatella Ice-cream 4 Pack,https://www.woolworths.com.au/shop/productdetails/244650/sammontana-gruvi-stracciatella-ice-cream,https://assets.woolworths.com.au/images/1005/244650.jpg?impolicy=wowsmkqiema&w=260&h=260,$10.00,$3.33 / 100ML,,, Add to cart , Save to list 
Asp Scottish Kippers 335g,https://www.woolworths.com.au/shop/productdetails/140267/asp-scottish-kippers,https://assets.woolworths.com.au/images/1005/140267.jpg?impolicy=wowsmkqiema&w=260&h=260,$8.00,$23.88 / 1KG,,, Add to cart , Save to list 
Magnum Ice Cream Honeycomb Crunch Dessert Sticks 4 Pack 428ml,https://www.woolworths.com.au/shop/productdetails/485663/magnum-ice-cream-honeycomb-crunch-dessert-sticks-4-pack,https://assets.woolworths.com.au/images/1005/485663.jpg?impolicy=wowsmkqiema&w=260&h=260,$10.50,$2.45 / 100ML,4.6,11, Add to cart , Save to list 
Lotte Yukimi Mochi Ice Confectionery Mango 270ml,https://www.woolworths.com.au/shop/productdetails/247799/lotte-yukimi-mochi-ice-confectionery-mango,https://assets.woolworths.com.au/images/1005/247799.jpg?impolicy=wowsmkqiema&w=260&h=260,$10.00,$3.70 / 100ML,,, Add to cart , Save to list 
Connoisseur Plant Based Vanilla Brownie Ice Cream Sticks 4 Pack,https://www.woolworths.com.au/shop/productdetails/221196/connoisseur-plant-based-vanilla-brownie-ice-cream-sticks,https://assets.woolworths.com.au/images/1005/221196.jpg?impolicy=wowsmkqiema&w=260&h=260,$7.00,$1.94 / 100ML,,, Add to cart , Save to list 
Fitness Outcomes Portuguese Chicken 350g,https://www.woolworths.com.au/shop/productdetails/73002/fitness-outcomes-portuguese-chicken-null,https://assets.woolworths.com.au/images/1005/73002.jpg?impolicy=wowsmkqiema&w=260&h=260,$9.00,$2.57 / 100G,3.0,10, Add to cart , Save to list 
Gluten Free Bakehouse Gluten Free Snack Apple Pies 4 Pack,https://www.woolworths.com.au/shop/productdetails/161899/gluten-free-bakehouse-gluten-free-snack-apple-pies,https://assets.woolworths.com.au/images/1005/161899.jpg?impolicy=wowsmkqiema&w=260&h=260,$6.00,$2.50 / 100G,,, Add to cart , Save to list 
Sailing Seas Fish Ball 500g,https://www.woolworths.com.au/shop/productdetails/89827/sailing-seas-fish-ball,https://assets.woolworths.com.au/images/1005/89827.jpg?impolicy=wowsmkqiema&w=260&h=260,$4.90,$0.98 / 100G,,, Add to cart , Save to list 
Tak Hing Bbq Pork Bao 4 Pack,https://www.woolworths.com.au/shop/productdetails/787450/tak-hing-bbq-pork-bao,https://assets.woolworths.com.au/images/1005/787450.jpg?impolicy=wowsmkqiema&w=260&h=260,$6.00,$2.18 / 100G,5.0,4, Add to cart , Save to list 
On The Menu Pub Favourites Beef Meatloaf 320g,https://www.woolworths.com.au/shop/productdetails/141706/on-the-menu-pub-favourites-beef-meatloaf-null,https://assets.woolworths.com.au/images/1005/141706.jpg?impolicy=wowsmkqiema&w=260&h=260,$6.00,$1.88 / 100G,,, Add to cart , Save to list 
Fropro Protein Burrito Sausage & Egg 245g,https://www.woolworths.com.au/shop/productdetails/221252/fropro-protein-burrito-sausage-egg,https://assets.woolworths.com.au/images/1005/221252.jpg?impolicy=wowsmkqiema&w=260&h=260,$8.00,$3.27 / 100G,,, Add to cart , Save to list 
Genobile Saba Premium Garlic Pizza Base 320g,https://www.woolworths.com.au/shop/productdetails/204040/genobile-saba-premium-garlic-pizza-base,https://assets.woolworths.com.au/images/1005/204040.jpg?impolicy=wowsmkqiema&w=260&h=260,$7.50,$2.34 / 100G,,, Add to cart , Save to list 
Connoisseur Butterscotch & Gingerbread Ice Cream 1l,https://www.woolworths.com.au/shop/productdetails/247724/connoisseur-butterscotch-gingerbread-ice-cream,https://assets.woolworths.com.au/images/1005/247724.jpg?impolicy=wowsmkqiema&w=260&h=260,$12.00,$1.20 / 100ML,,, Add to cart , Save to list 
Woolworths Potato & Bacon Bake 750g,https://www.woolworths.com.au/shop/productdetails/141009/woolworths-potato-bacon-bake-null,https://assets.woolworths.com.au/images/1005/141009.jpg?impolicy=wowsmkqiema&w=260&h=260,$10.00,$1.33 / 100G,3.5,532, Add to cart , Save to list 
Gluten Free Bakehouse Party Pack 12 Pack,https://www.woolworths.com.au/shop/productdetails/54616/gluten-free-bakehouse-party-pack,https://assets.woolworths.com.au/images/1005/54616.jpg?impolicy=wowsmkqiema&w=260&h=260,$11.50,$2.40 / 100G,,, Add to cart , Save to list 
Fitness Outcomes Sriracha Chicken Frozen Meal 350g,https://www.woolworths.com.au/shop/productdetails/89178/fitness-outcomes-sriracha-chicken-frozen-meal,https://assets.woolworths.com.au/images/1005/89178.jpg?impolicy=wowsmkqiema&w=260&h=260,$9.00,$2.57 / 100G,,, Add to cart , Save to list 
Ocean Chef Flathead In Crunchy Batter 500g,https://www.woolworths.com.au/shop/productdetails/5371/ocean-chef-flathead-in-crunchy-batter,https://assets.woolworths.com.au/images/1005/5371.jpg?impolicy=wowsmkqiema&w=260&h=260,$12.00,$24.00 / 1KG,5.0,1, Add to cart , Save to list 
I Mei Oriental Green Onion Pancakes 5 Pack,https://www.woolworths.com.au/shop/productdetails/132635/i-mei-oriental-green-onion-pancakes,https://assets.woolworths.com.au/images/1005/132635.jpg?impolicy=wowsmkqiema&w=260&h=260,$4.30,$0.82 / 100G,,, Add to cart , Save to list 
Earth Spaghetti Vegie-nese 350g,https://www.woolworths.com.au/shop/productdetails/55039/earth-spaghetti-vegie-nese-null,https://assets.woolworths.com.au/images/1005/55039.jpg?impolicy=wowsmkqiema&w=260&h=260,$7.00,$2.00 / 100G,4.8,6, Add to cart , Save to list 
"Liz & Betty Bitesize Cheese Puffs Gouda, Parmesan, Cheddar 10 Pack",https://www.woolworths.com.au/shop/productdetails/217773/liz-betty-bitesize-cheese-puffs-gouda-parmesan-cheddar,https://assets.woolworths.com.au/images/1005/217773.jpg?impolicy=wowsmkqiema&w=260&h=260,$10.00,$6.67 / 100G,,, Add to cart , Save to list 
Lean Cuisine Beef & Black Bean Noodles 375g,https://www.woolworths.com.au/shop/productdetails/222644/lean-cuisine-beef-black-bean-noodles,https://assets.woolworths.com.au/images/1005/222644.jpg?impolicy=wowsmkqiema&w=260&h=260,$6.70,$1.79 / 100G,,, Add to cart , Save to list 
Fropro Sngles Classic Vanilla Ice Cream Sticks 3 Pack,https://www.woolworths.com.au/shop/productdetails/247436/fropro-sngles-classic-vanilla-ice-cream-sticks,https://assets.woolworths.com.au/images/1005/247436.jpg?impolicy=wowsmkqiema&w=260&h=260,,,,,, Save to list 
Ben & Jerry's This Is Our World Ice Cream Tub 458ml,https://www.woolworths.com.au/shop/productdetails/242936/ben-jerry-s-this-is-our-world-ice-cream-tub,https://assets.woolworths.com.au/images/1005/242936.jpg?impolicy=wowsmkqiema&w=260&h=260,$14.50,$3.17 / 100ML,,, Add to cart , Save to list 
Leone Mini Vanilla Choc Coated Ice Cream 6 Pack,https://www.woolworths.com.au/shop/productdetails/247435/leone-mini-vanilla-choc-coated-ice-cream,https://assets.woolworths.com.au/images/1005/247435.jpg?impolicy=wowsmkqiema&w=260&h=260,$4.80,$1.45 / 100ML,,, Add to cart , Save to list 
Genobile Saba Premium Pomodoro Base 400g,https://www.woolworths.com.au/shop/productdetails/205705/genobile-saba-premium-pomodoro-base,https://assets.woolworths.com.au/images/1005/205705.jpg?impolicy=wowsmkqiema&w=260&h=260,$7.50,$1.88 / 100G,,, Add to cart , Save to list 
Frys Plant-based Popcorn Chick'n 290g,https://www.woolworths.com.au/shop/productdetails/222400/frys-plant-based-popcorn-chick-n,https://assets.woolworths.com.au/images/1005/222400.jpg?impolicy=wowsmkqiema&w=260&h=260,$7.50,$2.59 / 100G,,, Add to cart , Save to list 
Connoisseur Vanilla Caramel Brownie Ice Cream 4 Pack,https://www.woolworths.com.au/shop/productdetails/141280/connoisseur-vanilla-caramel-brownie-ice-cream,https://assets.woolworths.com.au/images/1005/141280.jpg?impolicy=wowsmkqiema&w=260&h=260,$7.00,$1.75 / 100ML,,, Add to cart , Save to list 
Dineamic Chilli Jam Chicken With Basmati Rice Frozen Meal 320g,https://www.woolworths.com.au/shop/productdetails/210541/dineamic-chilli-jam-chicken-with-basmati-rice-frozen-meal,https://assets.woolworths.com.au/images/1005/210541.jpg?impolicy=wowsmkqiema&w=260&h=260,$9.00,$2.81 / 100G,,, Add to cart , Save to list 
Fropro Singles Salted Caramel Ice Cream Sticks 3 Pack,https://www.woolworths.com.au/shop/productdetails/248005/fropro-singles-salted-caramel-ice-cream-sticks,https://assets.woolworths.com.au/images/1005/248005.jpg?impolicy=wowsmkqiema&w=260&h=260,,,,,, Save to list 
Pie Society Chunky Steak & Field Mushroom 2 Pack,https://www.woolworths.com.au/shop/productdetails/217167/pie-society-chunky-steak-field-mushroom,https://assets.woolworths.com.au/images/1005/217167.jpg?impolicy=wowsmkqiema&w=260&h=260,$9.00,$2.05 / 100G,,, Add to cart , Save to list 
I&j Fish Fillets Lemon Crumb 1kg,https://www.woolworths.com.au/shop/productdetails/109742/i-j-fish-fillets-lemon-crumb,https://assets.woolworths.com.au/images/1005/109742.jpg?impolicy=wowsmkqiema&w=260&h=260,$13.00,$13.00 / 1KG,,, Add to cart , Save to list 
The St. Food Co. Roast Chicken Frozen Meal 350g,https://www.woolworths.com.au/shop/productdetails/219672/st-food-co-the-st-food-co-roast-chicken-frozen-meal,https://assets.woolworths.com.au/images/1005/219672.jpg?impolicy=wowsmkqiema&w=260&h=260,$10.00,$2.86 / 100G,,, Add to cart , Save to list 
La Gina Quattro Formaggi Pizza With Blue Cheese Sauce 410g,https://www.woolworths.com.au/shop/productdetails/123401/la-gina-quattro-formaggi-pizza-with-blue-cheese-sauce,https://assets.woolworths.com.au/images/1005/123401.jpg?impolicy=wowsmkqiema&w=260&h=260,,,,,, Save to list 
Beifang Sliced Pork Belly 225g,https://www.woolworths.com.au/shop/productdetails/245438/beifang-sliced-pork-belly,https://assets.woolworths.com.au/images/1005/245438.jpg?impolicy=wowsmkqiema&w=260&h=260,$7.00,$3.11 / 100G,,, Add to cart , Save to list 
Gluten Free Bakehouse Gluten Free Corn Black Bean & Jalapeno Fritters 9 Pack,https://www.woolworths.com.au/shop/productdetails/161747/gluten-free-bakehouse-gluten-free-corn-black-bean-jalapeno-fritters,https://assets.woolworths.com.au/images/1005/161747.jpg?impolicy=wowsmkqiema&w=260&h=260,$4.00,$2.22 / 100G,,, Add to cart , Save to list 
Coco & Lucas' Kitchen Spaghetti Bolognese 270g,https://www.woolworths.com.au/shop/productdetails/212727/coco-lucas-kitchen-spaghetti-bolognese,https://assets.woolworths.com.au/images/1005/212727.jpg?impolicy=wowsmkqiema&w=260&h=260,$6.50,$2.41 / 100G,,, Add to cart , Save to list 
Ingham's Free Range Chicken Breast Garlic Butter Kievs Frozen 350g,https://www.woolworths.com.au/shop/productdetails/726383/ingham-s-free-range-chicken-breast-garlic-butter-kievs-frozen,https://assets.woolworths.com.au/images/1005/726383.jpg?impolicy=wowsmkqiema&w=260&h=260,$13.00,$37.14 / 1KG,4.6,52, Add to cart , Save to list 
I&j Frozen Fish Goujons Lightly Crumbed 800g,https://www.woolworths.com.au/shop/productdetails/204711/i-j-frozen-fish-goujons-lightly-crumbed,https://assets.woolworths.com.au/images/1005/204711.jpg?impolicy=wowsmkqiema&w=260&h=260,$10.50,$13.13 / 1KG,,, Add to cart , Save to list 
Woolworths Spinach & Quinoa Balls 8 Pack,https://www.woolworths.com.au/shop/productdetails/206337/woolworths-spinach-quinoa-balls,https://assets.woolworths.com.au/images/1005/206337.jpg?impolicy=wowsmkqiema&w=260&h=260,$7.00,$3.50 / 100G,,, Add to cart , Save to list 
Samanco Red Bean Dessert Sandwich 4 Pack,https://www.woolworths.com.au/shop/productdetails/188663/samanco-red-bean-dessert-sandwich,https://assets.woolworths.com.au/images/1005/188663.jpg?impolicy=wowsmkqiema&w=260&h=260,$10.00,$1.67 / 100ML,,, Add to cart , Save to list 
Hershey's Chocolate Ripple Ice Cream Tub 1l,https://www.woolworths.com.au/shop/productdetails/180088/hersheys-chocolate-ripple-ice-cream-tub,https://assets.woolworths.com.au/images/1005/180088.jpg?impolicy=wowsmkqiema&w=260&h=260,$4.50,$0.45 / 100ML,,, Add to cart , Save to list 
Connoisseur Mango & Coconut Ice Cream 4 Pack,https://www.woolworths.com.au/shop/productdetails/215487/connoisseur-mango-coconut-ice-cream,https://assets.woolworths.com.au/images/1005/215487.jpg?impolicy=wowsmkqiema&w=260&h=260,$7.00,$1.75 / 100ML,,, Add to cart , Save to list 
Peters Summer Legends 6 Pack,https://www.woolworths.com.au/shop/productdetails/191475/peters-summer-legends,https://assets.woolworths.com.au/images/1005/191475.jpg?impolicy=wowsmkqiema&w=260&h=260,,,,,, Save to list 
Woolworths Italian Style Crumb Chicken Fillets 350g,https://www.woolworths.com.au/shop/productdetails/130110/woolworths-italian-style-crumb-chicken-fillets,https://assets.woolworths.com.au/images/1005/130110.jpg?impolicy=wowsmkqiema&w=260&h=260,$8.00,$22.86 / 1KG,4.0,469, Add to cart , Save to list 
Jose's Cantina Quesadilla Cheesy Beef 2 Pack,https://www.woolworths.com.au/shop/productdetails/164629/joses-cantina-jose-s-cantina-quesadilla-cheesy-beef,https://assets.woolworths.com.au/images/1005/164629.jpg?impolicy=wowsmkqiema&w=260&h=260,$6.00,$2.00 / 100G,,, Add to cart , Save to list 
Mr Chen's Prawn Pad Thai Frozen Meal 350g,https://www.woolworths.com.au/shop/productdetails/83335/mr-chen-s-prawn-pad-thai-frozen-meal,https://assets.woolworths.com.au/images/1005/83335.jpg?impolicy=wowsmkqiema&w=260&h=260,$6.40,$1.83 / 100G,4.3,3, Add to cart , Save to list 
Connoisseur Roasted Hazelnut Ice Cream 4 Pack,https://www.woolworths.com.au/shop/productdetails/215486/connoisseur-roasted-hazelnut-ice-cream,https://assets.woolworths.com.au/images/1005/215486.jpg?impolicy=wowsmkqiema&w=260&h=260,$7.00,$1.75 / 100ML,,, Add to cart , Save to list 
Tak Hing Egg Custard Bao 6 Pack,https://www.woolworths.com.au/shop/productdetails/787477/tak-hing-egg-custard-bao,https://assets.woolworths.com.au/images/1005/787477.jpg?impolicy=wowsmkqiema&w=260&h=260,$6.00,$1.69 / 100G,5.0,1, Add to cart , Save to list 
Ben & Jerry's Phish Food Chocolate Ice Cream 458ml,https://www.woolworths.com.au/shop/productdetails/348627/ben-jerry-s-phish-food-chocolate-ice-cream,https://assets.woolworths.com.au/images/1005/348627.jpg?impolicy=wowsmkqiema&w=260&h=260,$14.50,$3.17 / 100ML,5.0,2, Add to cart , Save to list 
Woolworths Roast Vegetable & Caramelised Onion Balls 8 Pack,https://www.woolworths.com.au/shop/productdetails/206336/woolworths-roast-vegetable-caramelised-onion-balls,https://assets.woolworths.com.au/images/1005/206336.jpg?impolicy=wowsmkqiema&w=260&h=260,$7.00,$3.50 / 100G,,, Add to cart , Save to list 
Sara Lee Creamy Mango & Passionfruit Ice Cream 1l,https://www.woolworths.com.au/shop/productdetails/247742/sara-lee-creamy-mango-passionfruit-ice-cream,https://assets.woolworths.com.au/images/1005/247742.jpg?impolicy=wowsmkqiema&w=260&h=260,$9.00,$0.90 / 100ML,,, Add to cart , Save to list 
Poulings Sliced Beef 290g,https://www.woolworths.com.au/shop/productdetails/820208/poulings-sliced-beef,https://assets.woolworths.com.au/images/1005/820208.jpg?impolicy=wowsmkqiema&w=260&h=260,$7.50,$2.59 / 100G,3.3,3, Add to cart , Save to list 
Amoy Glutinous Rice Dumpling With Xoi Do Bien 3 Pack,https://www.woolworths.com.au/shop/productdetails/129711/amoy-glutinous-rice-dumpling-with-xoi-do-bien,https://assets.woolworths.com.au/images/1005/129711.jpg?impolicy=wowsmkqiema&w=260&h=260,$5.20,$2.89 / 100G,,, Add to cart , Save to list 
Coco & Lucas' Kitchen Beef Lasagne 270g,https://www.woolworths.com.au/shop/productdetails/213886/coco-lucas-kitchen-beef-lasagne,https://assets.woolworths.com.au/images/1005/213886.jpg?impolicy=wowsmkqiema&w=260&h=260,$6.50,$2.41 / 100G,,, Add to cart , Save to list 
Fitness Outcomes Cashew Chicken & Vegetable Stir Fry Frozen Meal 350g,https://www.woolworths.com.au/shop/productdetails/72676/fitness-outcomes-cashew-chicken-vegetable-stir-fry-frozen-meal,https://assets.woolworths.com.au/images/1005/72676.jpg?impolicy=wowsmkqiema&w=260&h=260,$9.00,$2.57 / 100G,3.5,4, Add to cart , Save to list 
Woolworths Chicken Breast Fillets Cajun Style Crumb 350g,https://www.woolworths.com.au/shop/productdetails/130107/woolworths-chicken-breast-fillets-cajun-style-crumb,https://assets.woolworths.com.au/images/1005/130107.jpg?impolicy=wowsmkqiema&w=260&h=260,$8.00,$22.86 / 1KG,4.0,565, Add to cart , Save to list 
Findus Crumbed Fish Fingers 350g,https://www.woolworths.com.au/shop/productdetails/229360/findus-crumbed-fish-fingers,https://assets.woolworths.com.au/images/1005/229360.jpg?impolicy=wowsmkqiema&w=260&h=260,,,,,, Save to list 
Connoisseur Triple Chocolate Cookie Ice Cream 4 Pack,https://www.woolworths.com.au/shop/productdetails/247534/connoisseur-triple-chocolate-cookie-ice-cream,https://assets.woolworths.com.au/images/1005/247534.jpg?impolicy=wowsmkqiema&w=260&h=260,$7.00,$1.94 / 100ML,,, Add to cart , Save to list 
Della Rosa Italian Supreme Pizza 400g,https://www.woolworths.com.au/shop/productdetails/203453/della-rosa-italian-supreme-pizza,https://assets.woolworths.com.au/images/1005/203453.jpg?impolicy=wowsmkqiema&w=260&h=260,$7.00,$1.75 / 100G,,, Add to cart , Save to list 
Just Caught Classic Crumbed Seafood Basket 500g,https://www.woolworths.com.au/shop/productdetails/245443/just-caught-classic-crumbed-seafood-basket,https://assets.woolworths.com.au/images/1005/245443.jpg?impolicy=wowsmkqiema&w=260&h=260,$13.00,$26.00 / 1KG,,, Add to cart , Save to list 
Much Moore Awesome Hokey Pokey Ice Cream Tub 2l,https://www.woolworths.com.au/shop/productdetails/117705/much-moore-awesome-hokey-pokey-ice-cream-tub,https://assets.woolworths.com.au/images/1005/117705.jpg?impolicy=wowsmkqiema&w=260&h=260,$11.00,$0.55 / 100ML,,, Add to cart , Save to list 
Fropro Dairy Free Chocolate Frozen Dessert 473ml,https://www.woolworths.com.au/shop/productdetails/52245/fropro-dairy-free-chocolate-frozen-dessert,https://assets.woolworths.com.au/images/1005/52245.jpg?impolicy=wowsmkqiema&w=260&h=260,,,4.8,19,, Save to list 
Peters Drumstick Vanilla Caramel 4 Pack,https://www.woolworths.com.au/shop/productdetails/260613/peters-drumstick-vanilla-caramel,https://assets.woolworths.com.au/images/1005/260613.jpg?impolicy=wowsmkqiema&w=260&h=260,$6.50,$1.37 / 100ML,,, Add to cart , Save to list 
Mrs Macs Brush & Bake Pork & Sweet Chilli Rolls 2 Pack,https://www.woolworths.com.au/shop/productdetails/220005/mrs-macs-brush-bake-pork-sweet-chilli-rolls,https://assets.woolworths.com.au/images/1005/220005.jpg?impolicy=wowsmkqiema&w=260&h=260,$7.50,$1.88 / 100G,,, Add to cart , Save to list 
Much Moore Chocolate Cookies & Fudge Ice Cream 1l,https://www.woolworths.com.au/shop/productdetails/225715/much-moore-chocolate-cookies-fudge-ice-cream,https://assets.woolworths.com.au/images/1005/225715.jpg?impolicy=wowsmkqiema&w=260&h=260,$6.50,$0.65 / 100ML,,, Add to cart , Save to list 
Fitness Outcomes Beef Rendang With Broccoli & Brown Rice Frozen Meal 350g,https://www.woolworths.com.au/shop/productdetails/179975/fitness-outcomes-beef-rendang-with-broccoli-brown-rice-frozen-meal,https://assets.woolworths.com.au/images/1005/179975.jpg?impolicy=wowsmkqiema&w=260&h=260,$9.00,$2.57 / 100G,,, Add to cart , Save to list 
Fitness Outcomes Beef Chilli Con Carne Frozen Meal 350g,https://www.woolworths.com.au/shop/productdetails/72566/fitness-outcomes-beef-chilli-con-carne-frozen-meal,https://assets.woolworths.com.au/images/1005/72566.jpg?impolicy=wowsmkqiema&w=260&h=260,$9.00,$2.57 / 100G,4.0,9, Add to cart , Save to list 
Pana Organic Hazelnut Frozen Dessert Sticks 4 Pack,https://www.woolworths.com.au/shop/productdetails/245016/pana-organic-hazelnut-frozen-dessert-sticks,https://assets.woolworths.com.au/images/1005/245016.jpg?impolicy=wowsmkqiema&w=260&h=260,,,,,, Save to list 
Bulla Murray St Caramel Swirl & Shortbread Pieces Ice Cream 1l,https://www.woolworths.com.au/shop/productdetails/243646/bulla-murray-st-caramel-swirl-shortbread-pieces-ice-cream,https://assets.woolworths.com.au/images/1005/243646.jpg?impolicy=wowsmkqiema&w=260&h=260,$7.50,$0.75 / 100ML,,, Add to cart , Save to list 
Fitness Outcomes Beef Bolognese Frozen Meal 350g,https://www.woolworths.com.au/shop/productdetails/72545/fitness-outcomes-beef-bolognese-frozen-meal,https://assets.woolworths.com.au/images/1005/72545.jpg?impolicy=wowsmkqiema&w=260&h=260,$9.00,$2.57 / 100G,3.0,1, Add to cart , Save to list 
Connoisseur Salted Pretzel Ice Cream 4 Pack,https://www.woolworths.com.au/shop/productdetails/247106/connoisseur-salted-pretzel-ice-cream,https://assets.woolworths.com.au/images/1005/247106.jpg?impolicy=wowsmkqiema&w=260&h=260,$7.00,$7.78 / 100ML,,, Add to cart , Save to list 
"Mrs Macs Brush & Bake Steak, Cheese & Bacon Pies 2 Pack",https://www.woolworths.com.au/shop/productdetails/221192/mrs-macs-brush-bake-steak-cheese-bacon-pies,https://assets.woolworths.com.au/images/1005/221192.jpg?impolicy=wowsmkqiema&w=260&h=260,$7.50,$1.88 / 100G,,, Add to cart , Save to list 
Mccain Healthy Choice Apricot Chicken Frozen Meal 350g,https://www.woolworths.com.au/shop/productdetails/252638/mccain-healthy-choice-apricot-chicken-frozen-meal,https://assets.woolworths.com.au/images/1005/252638.jpg?impolicy=wowsmkqiema&w=260&h=260,$5.00,$1.43 / 100G,,, Add to cart , Save to list 
Coco & Lucas' Kitchen Beef Cottage Pie 270g,https://www.woolworths.com.au/shop/productdetails/214028/coco-lucas-kitchen-beef-cottage-pie,https://assets.woolworths.com.au/images/1005/214028.jpg?impolicy=wowsmkqiema&w=260&h=260,$6.50,$2.41 / 100G,,, Add to cart , Save to list 
Captain's Choice Crumbed Fish Fingers 36 Pack,https://www.woolworths.com.au/shop/productdetails/179243/sealord-australia-pty-ltd-captain-s-choice-crumbed-fish-fingers,https://assets.woolworths.com.au/images/1005/179243.jpg?impolicy=wowsmkqiema&w=260&h=260,,,,,, Save to list 
Umami Grilled Vegan Gyoza 330g,https://www.woolworths.com.au/shop/productdetails/172411/umami-grilled-vegan-gyoza,https://assets.woolworths.com.au/images/1005/172411.jpg?impolicy=wowsmkqiema&w=260&h=260,$7.90,$2.39 / 100G,,, Add to cart , Save to list 
Bubbleme Bubble Tea Frozen Dessert Classic Vanilla Bars 4 Pack,https://www.woolworths.com.au/shop/productdetails/247406/bubbleme-bubble-tea-frozen-dessert-classic-vanilla-bars,https://assets.woolworths.com.au/images/1005/247406.jpg?impolicy=wowsmkqiema&w=260&h=260,$10.50,$3.28 / 100G,,, Add to cart , Save to list 
Seng Hork Beef Dumplings 500g,https://www.woolworths.com.au/shop/productdetails/602036/seng-hork-beef-dumplings-null,https://assets.woolworths.com.au/images/1005/602036.jpg?impolicy=wowsmkqiema&w=260&h=260,$7.50,$1.50 / 100G,3.6,5, Add to cart , Save to list 
Much Moore Awesome Boysenberry Ice Cream Tub 2l,https://www.woolworths.com.au/shop/productdetails/53604/mm-much-moore-awesome-boysenberry-ice-cream-tub,https://assets.woolworths.com.au/images/1005/53604.jpg?impolicy=wowsmkqiema&w=260&h=260,$11.00,$0.55 / 100ML,,, Add to cart , Save to list 
Mara Burek With Cheese 600g,https://www.woolworths.com.au/shop/productdetails/161624/marco-polo-mara-burek-with-cheese,https://assets.woolworths.com.au/images/1005/161624.jpg?impolicy=wowsmkqiema&w=260&h=260,$8.80,$1.47 / 100G,,, Add to cart , Save to list 
"Woolworths Chicken, Cheese & Spinach Balls 8 Pack",https://www.woolworths.com.au/shop/productdetails/206333/woolworths-chicken-cheese-spinach-balls,https://assets.woolworths.com.au/images/1005/206333.jpg?impolicy=wowsmkqiema&w=260&h=260,$7.00,$3.50 / 100G,,, Add to cart , Save to list 
Kb's Pork Gyoza 1kg,https://www.woolworths.com.au/shop/productdetails/251566/kb-s-pork-gyoza,https://assets.woolworths.com.au/images/1005/251566.jpg?impolicy=wowsmkqiema&w=260&h=260,$18.15,$1.82 / 100G,,, Add to cart , Save to list 
"Connoisseur Barossa Valley Merlot, Blackberry & Cookie Ice Cream 1l",https://www.woolworths.com.au/shop/productdetails/178634/connoisseur-barossa-valley-merlot-blackberry-cookie-ice-cream,https://assets.woolworths.com.au/images/1005/178634.jpg?impolicy=wowsmkqiema&w=260&h=260,,,,,, Save to list 
Mr Chens Bbq Pork Buns 550g,https://www.woolworths.com.au/shop/productdetails/251991/mr-chens-bbq-pork-buns,https://assets.woolworths.com.au/images/1005/251991.jpg?impolicy=wowsmkqiema&w=260&h=260,$12.00,$2.18 / 100G,,, Add to cart , Save to list 
Sara Lee Decadent Latte Cookies & Cream Ice Cream Tub 1l,https://www.woolworths.com.au/shop/productdetails/180086/sara-lee-decadent-latte-cookies-cream-ice-cream-tub,https://assets.woolworths.com.au/images/1005/180086.jpg?impolicy=wowsmkqiema&w=260&h=260,$9.00,$0.90 / 100ML,,, Add to cart , Save to list 
Cheesebuddy Brazilian Cheese Bread Cheese & Garlic 450g,https://www.woolworths.com.au/shop/productdetails/216671/cheesebuddy-brazilian-cheese-bread-cheese-garlic,https://assets.woolworths.com.au/images/1005/216671.jpg?impolicy=wowsmkqiema&w=260&h=260,$6.60,$1.47 / 100G,,, Add to cart , Save to list 
Haagen-dazs Signature Collection Mini Cups 4 Pack,https://www.woolworths.com.au/shop/productdetails/277466/haagen-dazs-signature-collection-mini-cups,https://assets.woolworths.com.au/images/1005/277466.jpg?impolicy=wowsmkqiema&w=260&h=260,,,,,, Save to list 
I & J Salt & Pepper Calamari 360g,https://www.woolworths.com.au/shop/productdetails/571926/i-j-salt-pepper-calamari,https://assets.woolworths.com.au/images/1005/571926.jpg?impolicy=wowsmkqiema&w=260&h=260,$8.00,$22.22 / 1KG,4.2,6, Add to cart , Save to list 
Figo Mantou Plain Roti Sepan 320g,https://www.woolworths.com.au/shop/productdetails/132537/figo-mantou-plain-roti-sepan,https://assets.woolworths.com.au/images/1005/132537.jpg?impolicy=wowsmkqiema&w=260&h=260,$4.00,$1.25 / 100G,,, Add to cart , Save to list 
Much Moore Cookies & Cream Ice Cream 1l,https://www.woolworths.com.au/shop/productdetails/224821/much-moore-much-moore-cookies-cream-ice-cream,https://assets.woolworths.com.au/images/1005/224821.jpg?impolicy=wowsmkqiema&w=260&h=260,$6.50,$0.65 / 100ML,,, Add to cart , Save to list 
Just Caught Multiseed Whiting Fillets 800g,https://www.woolworths.com.au/shop/productdetails/245281/just-caught-multiseed-whiting-fillets,https://assets.woolworths.com.au/images/1005/245281.jpg?impolicy=wowsmkqiema&w=260&h=260,$13.00,$16.25 / 1KG,,, Add to cart , Save to list 
Four'n Twenty Snack Pack 24 Pack,https://www.woolworths.com.au/shop/productdetails/137651/four-n-twenty-snack-pack,https://assets.woolworths.com.au/images/1005/137651.jpg?impolicy=wowsmkqiema&w=260&h=260,$10.80,$0.98 / 100G,,, Add to cart , Save to list 
Harry Hoo & Co Gluten Free Beef Dim Sims 300g,https://www.woolworths.com.au/shop/productdetails/164046/harry-hoo-pty-ltd-harry-hoo-co-gluten-free,https://assets.woolworths.com.au/images/1005/164046.jpg?impolicy=wowsmkqiema&w=260&h=260,$6.00,$2.00 / 100G,,, Add to cart , Save to list 
Bubbleme Bubble Tea Icecream Stawberry Strawberry 320g,https://www.woolworths.com.au/shop/productdetails/246959/bubbleme-bubble-tea-icecream-stawberry-strawberry,https://assets.woolworths.com.au/images/1005/246959.jpg?impolicy=wowsmkqiema&w=260&h=260,$10.50,$3.28 / 100G,,, Add to cart , Save to list 
Just Caught Salt & Pepper Prawns 500g,https://www.woolworths.com.au/shop/productdetails/245494/just-caught-salt-pepper-prawns,https://assets.woolworths.com.au/images/1005/245494.jpg?impolicy=wowsmkqiema&w=260&h=260,$13.00,$26.00 / 1KG,,, Add to cart , Save to list 
Coco & Lucas' Meatless Cottage Pie 350g,https://www.woolworths.com.au/shop/productdetails/55038/coco-lucas-meatless-cottage-pie-null,https://assets.woolworths.com.au/images/1005/55038.jpg?impolicy=wowsmkqiema&w=260&h=260,$7.00,$2.00 / 100G,4.8,8, Add to cart , Save to list 
Much Moore Awesome Foursome Ice Cream Tub 2l,https://www.woolworths.com.au/shop/productdetails/269494/much-moore-awesome-foursome-ice-cream-tub,https://assets.woolworths.com.au/images/1005/269494.jpg?impolicy=wowsmkqiema&w=260&h=260,$11.00,$0.55 / 100ML,3.5,2, Add to cart , Save to list 
Mccain Healthy Choice Penne Tomato Bacon Frozen Meal 280g,https://www.woolworths.com.au/shop/productdetails/788021/mccain-healthy-choice-penne-tomato-bacon-frozen-meal,https://assets.woolworths.com.au/images/1005/788021.jpg?impolicy=wowsmkqiema&w=260&h=260,$5.00,$1.67 / 100G,3.7,7, Add to cart , Save to list 
Macro Organic Frozen Raspberries 450g,https://www.woolworths.com.au/shop/productdetails/815127/macro-organic-frozen-raspberries,https://assets.woolworths.com.au/images/1005/815127.jpg?impolicy=wowsmkqiema&w=260&h=260,,,4.5,436,, Save to list 
Mrs Macs Brush & Bake Pepper Steak Pies 2 Pack,https://www.woolworths.com.au/shop/productdetails/219287/mrs-macs-brush-bake-pepper-steak-pies,https://assets.woolworths.com.au/images/1005/219287.jpg?impolicy=wowsmkqiema&w=260&h=260,$7.50,$1.88 / 100G,,, Add to cart , Save to list 
Blue Ribbon Delicious Duos Choc Affair 2l,https://www.woolworths.com.au/shop/productdetails/242080/blue-ribbon-delicious-duos-choc-affair,https://assets.woolworths.com.au/images/1005/242080.jpg?impolicy=wowsmkqiema&w=260&h=260,$10.00,$0.50 / 100ML,,, Add to cart , Save to list 
Mr Chen's Malaysian Curry Laksa 400g,https://www.woolworths.com.au/shop/productdetails/211999/mr-chen-s-malaysian-curry-laksa,https://assets.woolworths.com.au/images/1005/211999.jpg?impolicy=wowsmkqiema&w=260&h=260,$4.00,$1.00 / 100G,,, Add to cart , Save to list 
Temptation Bakeries Pastry Puffs Chicken Parmy 12 Pack,https://www.woolworths.com.au/shop/productdetails/221137/temptation-bakeries-pastry-puffs-chicken-parmy,https://assets.woolworths.com.au/images/1005/221137.jpg?impolicy=wowsmkqiema&w=260&h=260,$6.50,$3.01 / 100G,,, Add to cart , Save to list 
Be Fit Food Wholemeal Beef Lasagne Frozen Meal 275g,https://www.woolworths.com.au/shop/productdetails/155699/be-fit-food-wholemeal-be-fit-food-wholemeal-beef-lasagne-frozen-meal,https://assets.woolworths.com.au/images/1005/155699.jpg?impolicy=wowsmkqiema&w=260&h=260,$12.90,$4.69 / 100G,,, Add to cart , Save to list 
Sara Lee Cookie Pies Double Choc Chip 4 Pack,https://www.woolworths.com.au/shop/productdetails/270666/sara-lee-cookie-pies-double-choc-chip,https://assets.woolworths.com.au/images/1005/270666.jpg?impolicy=wowsmkqiema&w=260&h=260,$7.50,$1.97 / 100G,,, Add to cart , Save to list 
Much Moore Passionfruit & White Chocolate Ice Cream 1l,https://www.woolworths.com.au/shop/productdetails/53506/mm-much-moore-passionfruit-white-chocolate-ice-cream,https://assets.woolworths.com.au/images/1005/53506.jpg?impolicy=wowsmkqiema&w=260&h=260,$6.50,$0.65 / 100ML,,, Add to cart , Save to list 
Findus Battered Fish Fillets 200g,https://www.woolworths.com.au/shop/productdetails/229358/findus-battered-fish-fillets,https://assets.woolworths.com.au/images/1005/229358.jpg?impolicy=wowsmkqiema&w=260&h=260,$4.50,$22.50 / 1KG,,, Add to cart , Save to list 
New Chinese Garden Honey Chicken Gluten Free Meal Kit Frozen Meal 320g,https://www.woolworths.com.au/shop/productdetails/182479/new-chinese-garden-honey-chicken-gluten-free-meal-kit-frozen-meal,https://assets.woolworths.com.au/images/1005/182479.jpg?impolicy=wowsmkqiema&w=260&h=260,$12.50,$3.91 / 100G,,, Add to cart , Save to list 
Ben & Jerry's Topped Tirumisu Ice Cream Tub 436ml,https://www.woolworths.com.au/shop/productdetails/241117/ben-jerry-s-topped-tirumisu-ice-cream-tub,https://assets.woolworths.com.au/images/1005/241117.jpg?impolicy=wowsmkqiema&w=260&h=260,$14.50,$3.33 / 100ML,,, Add to cart , Save to list 
Always Fresh Cocktail Bites Tomato & Herb Pizzattes 198g,https://www.woolworths.com.au/shop/productdetails/221075/always-fresh-cocktail-bites-tomato-herb-pizzattes,https://assets.woolworths.com.au/images/1005/221075.jpg?impolicy=wowsmkqiema&w=260&h=260,$8.00,$4.04 / 100G,,, Add to cart , Save to list 
Just Caught Classic Crumbed Whiting Coujons 800g,https://www.woolworths.com.au/shop/productdetails/244001/just-caught-classic-crumbed-whiting-coujons,https://assets.woolworths.com.au/images/1005/244001.jpg?impolicy=wowsmkqiema&w=260&h=260,$13.00,$16.25 / 1KG,,, Add to cart , Save to list 
On The Menu Big Feast Beef Cutlet With Mash Frozen Meal 480g,https://www.woolworths.com.au/shop/productdetails/178461/on-the-menu-big-feast-beef-cutlet-with-mash-frozen-meal,https://assets.woolworths.com.au/images/1005/178461.jpg?impolicy=wowsmkqiema&w=260&h=260,$8.00,$1.67 / 100G,,, Add to cart , Save to list 
Woolworths Lemon Brumb Barramundi 320g,https://www.woolworths.com.au/shop/productdetails/222822/woolworths-lemon-brumb-barramundi,https://assets.woolworths.com.au/images/1005/222822.jpg?impolicy=wowsmkqiema&w=260&h=260,$10.00,$31.25 / 1KG,,, Add to cart , Save to list 
Earth Meat Free Sausages 300g,https://www.woolworths.com.au/shop/productdetails/139444/earth-meat-free-sausages-null,https://assets.woolworths.com.au/images/1005/139444.jpg?impolicy=wowsmkqiema&w=260&h=260,$5.45,$1.82 / 100G,,, Add to cart , Save to list 
Much Moore Awesome Foursome Cravings Ice Cream Tub 2l,https://www.woolworths.com.au/shop/productdetails/799723/much-moore-awesome-foursome-cravings-ice-cream-tub,https://assets.woolworths.com.au/images/1005/799723.jpg?impolicy=wowsmkqiema&w=260&h=260,$11.00,$1.10 / 100ML,,, Add to cart , Save to list 
Mr Chen's Seafood Singapore Noodles 350g,https://www.woolworths.com.au/shop/productdetails/83465/mr-chen-s-seafood-singapore-noodles-null,https://assets.woolworths.com.au/images/1005/83465.jpg?impolicy=wowsmkqiema&w=260&h=260,$6.40,$1.83 / 100G,4.7,3, Add to cart , Save to list 
Ben & Jerry's Chewy Gooey Cookie Ice Cream Tub 458ml,https://www.woolworths.com.au/shop/productdetails/196754/ben-jerry-s-chewy-gooey-cookie-ice-cream-tub,https://assets.woolworths.com.au/images/1005/196754.jpg?impolicy=wowsmkqiema&w=260&h=260,$14.50,$3.17 / 100ML,,, Add to cart , Save to list 
Potong Coconut Milk & Red Bean Pops 6 Pack,https://www.woolworths.com.au/shop/productdetails/820975/potong-coconut-milk-red-bean-pops,https://assets.woolworths.com.au/images/1005/820975.jpg?impolicy=wowsmkqiema&w=260&h=260,$6.90,$1.92 / 100ML,,, Add to cart , Save to list 
Hinterland Passionfruit Ripple Ice Cream 1l,https://www.woolworths.com.au/shop/productdetails/153268/hinterland-passionfruit-ripple-ice-cream,https://assets.woolworths.com.au/images/1005/153268.jpg?impolicy=wowsmkqiema&w=260&h=260,$8.50,$0.85 / 100ML,,, Add to cart , Save to list 
Leone Vanilla Almond Sticks 6 Pack,https://www.woolworths.com.au/shop/productdetails/247434/leone-leone-vanilla-almond-sticks,https://assets.woolworths.com.au/images/1005/247434.jpg?impolicy=wowsmkqiema&w=260&h=260,$4.80,$1.45 / 100ML,,, Add to cart , Save to list 
The St. Food Co. Spanish Chicken & Chorizo Paella Frozen Meal 350g,https://www.woolworths.com.au/shop/productdetails/218858/the-st-food-co-spanish-chicken-chorizo-paella-frozen-meal,https://assets.woolworths.com.au/images/1005/218858.jpg?impolicy=wowsmkqiema&w=260&h=260,$8.00,$2.29 / 100G,,, Add to cart , Save to list 
Be Fit Food Thai Green Chicken Curry Gluten Free 280g,https://www.woolworths.com.au/shop/productdetails/221726/be-fit-food-thai-green-chicken-curry-gluten-free,https://assets.woolworths.com.au/images/1005/221726.jpg?impolicy=wowsmkqiema&w=260&h=260,$12.90,$4.61 / 100G,,, Add to cart , Save to list 
Della Rosa Quattro Formaggi Pizza 400g,https://www.woolworths.com.au/shop/productdetails/202819/della-rosa-quattro-formaggi-pizza,https://assets.woolworths.com.au/images/1005/202819.jpg?impolicy=wowsmkqiema&w=260&h=260,$7.00,$1.75 / 100G,,, Add to cart , Save to list 
The St. Food Co. Portuguese Peri Peri Chicken Frozen Meal 350g,https://www.woolworths.com.au/shop/productdetails/218807/st-food-co-the-st-food-co-portuguese-peri-peri-chicken-frozen-meal,https://assets.woolworths.com.au/images/1005/218807.jpg?impolicy=wowsmkqiema&w=260&h=260,$10.00,$2.86 / 100G,,, Add to cart , Save to list 
Bubbleme Bubbletea Icecream Brown Sugar Brown Sugar 320g,https://www.woolworths.com.au/shop/productdetails/246817/bubbleme-bubbletea-icecream-brown-sugar-brown-sugar,https://assets.woolworths.com.au/images/1005/246817.jpg?impolicy=wowsmkqiema&w=260&h=260,$10.50,$3.28 / 100G,,, Add to cart , Save to list 
Heinz One Pan Spanish Style Veg Paella Frozen Ready Meal 600g,https://www.woolworths.com.au/shop/productdetails/221234/heinz-one-pan-spanish-style-veg-paella-frozen-ready-meal,https://assets.woolworths.com.au/images/1005/221234.jpg?impolicy=wowsmkqiema&w=260&h=260,$10.00,$1.67 / 100G,,, Add to cart , Save to list 
Be Fit Food Indian Chicken Curry Gluten Free 261g,https://www.woolworths.com.au/shop/productdetails/221724/be-fit-food-indian-chicken-curry-gluten-free,https://assets.woolworths.com.au/images/1005/221724.jpg?impolicy=wowsmkqiema&w=260&h=260,$12.90,$4.94 / 100G,,, Add to cart , Save to list 
Hinterland Espresso With Choc Almonds Ice Cream Tub 1l,https://www.woolworths.com.au/shop/productdetails/119782/hinterland-espresso-with-choc-almonds-ice-cream-tub,https://assets.woolworths.com.au/images/1005/119782.jpg?impolicy=wowsmkqiema&w=260&h=260,$8.50,$0.85 / 100ML,,, Add to cart , Save to list 
Findus Crumbed Fish Fillets 200g,https://www.woolworths.com.au/shop/productdetails/229359/findus-crumbed-fish-fillets,https://assets.woolworths.com.au/images/1005/229359.jpg?impolicy=wowsmkqiema&w=260&h=260,$4.50,$22.50 / 1KG,,, Add to cart , Save to list 
Hinterland Jersey Caramel Macadamia Ice Cream Tub 1l,https://www.woolworths.com.au/shop/productdetails/119795/hinterland-jersey-caramel-macadamia-ice-cream-tub,https://assets.woolworths.com.au/images/1005/119795.jpg?impolicy=wowsmkqiema&w=260&h=260,$8.50,$0.85 / 100ML,,, Add to cart , Save to list 
Heavenly Banquet Bbq Pork Buns 720g,https://www.woolworths.com.au/shop/productdetails/162460/heavenly-banquet-bbq-pork-buns,https://assets.woolworths.com.au/images/1005/162460.jpg?impolicy=wowsmkqiema&w=260&h=260,$12.00,$1.67 / 100G,,, Add to cart , Save to list 
Just Caught Flaming Crumbed Prawns 500g,https://www.woolworths.com.au/shop/productdetails/245307/just-caught-flaming-crumbed-prawns,https://assets.woolworths.com.au/images/1005/245307.jpg?impolicy=wowsmkqiema&w=260&h=260,$13.00,$26.00 / 1KG,,, Add to cart , Save to list 
"Woolworths Broccoli, Bacon & Leek Egg Bites 6 Pack",https://www.woolworths.com.au/shop/productdetails/206334/woolworths-broccoli-bacon-leek-egg-bites,https://assets.woolworths.com.au/images/1005/206334.jpg?impolicy=wowsmkqiema&w=260&h=260,$7.00,$3.50 / 100G,,, Add to cart , Save to list 
Be Fit Food Satay Chicken 223g,https://www.woolworths.com.au/shop/productdetails/157522/be-fit-food-satay-chicken-null,https://assets.woolworths.com.au/images/1005/157522.jpg?impolicy=wowsmkqiema&w=260&h=260,$12.90,$5.78 / 100G,,, Add to cart , Save to list 
Magnum Sweet & Salty Almond Remix Ice Cream 440ml,https://www.woolworths.com.au/shop/productdetails/216695/magnum-sweet-salty-almond-remix-ice-cream,https://assets.woolworths.com.au/images/1005/216695.jpg?impolicy=wowsmkqiema&w=260&h=260,$10.50,$2.39 / 100ML,,, Add to cart , Save to list 
Always Fresh Cocktail Bites French Canapes 228g,https://www.woolworths.com.au/shop/productdetails/221142/always-fresh-cocktail-bites-french-canapes,https://assets.woolworths.com.au/images/1005/221142.jpg?impolicy=wowsmkqiema&w=260&h=260,,,,,, Save to list 
Be Fit Food Mexican Stovetop Penne Gluten Free 266g,https://www.woolworths.com.au/shop/productdetails/221394/be-fit-food-mexican-stovetop-penne-gluten-free,https://assets.woolworths.com.au/images/1005/221394.jpg?impolicy=wowsmkqiema&w=260&h=260,$12.90,$4.85 / 100G,,, Add to cart , Save to list 
Ingham's Airmazing Chicken Chipees 400g,https://www.woolworths.com.au/shop/productdetails/224667/ingham-s-airmazing-chicken-chipees,https://assets.woolworths.com.au/images/1005/224667.jpg?impolicy=wowsmkqiema&w=260&h=260,,,,,, Save to list 
New Chinese Garden Sweet & Sour Pork Gluten Free 490g,https://www.woolworths.com.au/shop/productdetails/182378/new-chinese-garden-sweet-sour-pork-gluten-free-null,https://assets.woolworths.com.au/images/1005/182378.jpg?impolicy=wowsmkqiema&w=260&h=260,$12.50,$2.55 / 100G,,, Add to cart , Save to list 
Peters Maxibon Honeycomb 4 Pack,https://www.woolworths.com.au/shop/productdetails/278504/peters-maxibon-honeycomb,https://assets.woolworths.com.au/images/1005/278504.jpg?impolicy=wowsmkqiema&w=260&h=260,$9.50,$1.70 / 100ML,,, Add to cart , Save to list 
Mr Chen's Prawn Gyoza Noodles 350g,https://www.woolworths.com.au/shop/productdetails/83597/mr-chen-s-prawn-gyoza-noodles-null,https://assets.woolworths.com.au/images/1005/83597.jpg?impolicy=wowsmkqiema&w=260&h=260,$6.40,$1.83 / 100G,4.0,1, Add to cart , Save to list 
Connoisseur Plant Based Hazelnut Chocolate Ice Cream Tub 1l,https://www.woolworths.com.au/shop/productdetails/125500/connoisseur-plant-based-hazelnut-chocolate-ice-cream-tub,https://assets.woolworths.com.au/images/1005/125500.jpg?impolicy=wowsmkqiema&w=260&h=260,,,,,, Save to list 
Potong Coconut Milk & Durian Pops 6 Pack,https://www.woolworths.com.au/shop/productdetails/821035/potong-coconut-milk-durian-pops,https://assets.woolworths.com.au/images/1005/821035.jpg?impolicy=wowsmkqiema&w=260&h=260,,,,,, Save to list 
Peters Maxibon That's Mint 4 Pack,https://www.woolworths.com.au/shop/productdetails/278031/peters-maxibon-that-s-mint,https://assets.woolworths.com.au/images/1005/278031.jpg?impolicy=wowsmkqiema&w=260&h=260,$9.50,$1.70 / 100ML,,, Add to cart , Save to list 
Eastern Kitchen Kara-age Chicken 700g,https://www.woolworths.com.au/shop/productdetails/169494/eastern-kitchen-kara-age-chicken,https://assets.woolworths.com.au/images/1005/169494.jpg?impolicy=wowsmkqiema&w=260&h=260,$17.50,$2.50 / 100G,,, Add to cart , Save to list 
Cheesebuddy Brazillian Cheese Bread Chilli 450g,https://www.woolworths.com.au/shop/productdetails/215393/cheesebuddy-brazillian-cheese-bread-chilli,https://assets.woolworths.com.au/images/1005/215393.jpg?impolicy=wowsmkqiema&w=260&h=260,$6.60,$1.47 / 100G,,, Add to cart , Save to list 
Peters Dixie Cups Vanilla Ice Cream 4 Pack,https://www.woolworths.com.au/shop/productdetails/181927/peters-dixie-cups-vanilla-ice-cream,https://assets.woolworths.com.au/images/1005/181927.jpg?impolicy=wowsmkqiema&w=260&h=260,,,,,, Save to list 
Peters Hava Heart Ice Cream Sticks 4 Pack,https://www.woolworths.com.au/shop/productdetails/181737/peters-hava-heart-ice-cream-sticks,https://assets.woolworths.com.au/images/1005/181737.jpg?impolicy=wowsmkqiema&w=260&h=260,,,,,, Save to list 
Figo Flower Roll Pandan 320g,https://www.woolworths.com.au/shop/productdetails/131563/figo-flower-roll-pandan,https://assets.woolworths.com.au/images/1005/131563.jpg?impolicy=wowsmkqiema&w=260&h=260,$4.00,$1.25 / 100G,,, Add to cart , Save to list 
Hanabi Seedless Jack Fruit 400g,https://www.woolworths.com.au/shop/productdetails/187432/hanabi-seedless-jack-fruit,https://assets.woolworths.com.au/images/1005/187432.jpg?impolicy=wowsmkqiema&w=260&h=260,$4.50,$1.13 / 100G,,, Add to cart , Save to list 
Eastern Kitchen Chicken Gyoza 700g,https://www.woolworths.com.au/shop/productdetails/170040/eastern-kitchen-chicken-gyoza,https://assets.woolworths.com.au/images/1005/170040.jpg?impolicy=wowsmkqiema&w=260&h=260,$17.00,$2.43 / 100G,,, Add to cart , Save to list 
Connoisseur Vanilla Ice Cream 4 Pack,https://www.woolworths.com.au/shop/productdetails/279750/connoisseur-vanilla-ice-cream,https://assets.woolworths.com.au/images/1005/279750.jpg?impolicy=wowsmkqiema&w=260&h=260,$7.00,$1.94 / 100ML,,, Add to cart , Save to list 
Heinz One Pan Moroccan Style Veggie Couscous Frozen Freezer Meal 600g,https://www.woolworths.com.au/shop/productdetails/221224/heinz-one-pan-moroccan-style-veggie-couscous-frozen-freezer-meal,https://assets.woolworths.com.au/images/1005/221224.jpg?impolicy=wowsmkqiema&w=260&h=260,$10.00,$1.67 / 100G,,, Add to cart , Save to list 
Streets Golden Gaytime Chocolate Mint 4 Pack,https://www.woolworths.com.au/shop/productdetails/678142/streets-golden-gaytime-chocolate-mint,https://assets.woolworths.com.au/images/1005/678142.jpg?impolicy=wowsmkqiema&w=260&h=260,,,,,, Save to list 
Lavelee Watermelon Ice Flake 280ml,https://www.woolworths.com.au/shop/productdetails/168934/lavelee-watermelon-ice-flake,https://assets.woolworths.com.au/images/1005/168934.jpg?impolicy=wowsmkqiema&w=260&h=260,$6.00,$2.14 / 100ML,,, Add to cart , Save to list 
We Knead Donuts Chocolate Iced & Strawberry Iced 2 Pack,https://www.woolworths.com.au/shop/productdetails/275232/we-knead-donuts-chocolate-iced-strawberry-iced,https://assets.woolworths.com.au/images/1005/275232.jpg?impolicy=wowsmkqiema&w=260&h=260,,,,,, Save to list 
On The Menu Fish Fillets In Lemon & Parsley 320g,https://www.woolworths.com.au/shop/productdetails/731021/on-the-menu-fish-fillets-in-lemon-parsley,https://assets.woolworths.com.au/images/1005/731021.jpg?impolicy=wowsmkqiema&w=260&h=260,,,,,, Save to list 
On The Menu Morrocan Meat Balls 320g,https://www.woolworths.com.au/shop/productdetails/724934/on-the-menu-morrocan-meat-balls-null,https://assets.woolworths.com.au/images/1005/724934.jpg?impolicy=wowsmkqiema&w=260&h=260,,,,,, Save to list 
Pepe's Frozen Duck No25 2.5kg,https://www.woolworths.com.au/shop/productdetails/663678/pepe-s-frozen-duck-no25,https://assets.woolworths.com.au/images/1005/663678.jpg?impolicy=wowsmkqiema&w=260&h=260,,,,,, Save to list 
