Title,Title_URL,Image,Image1,Price,Price2,Content,rating,cartcontrolsaddcart,Avg_price
The Salad Servers Turmeric Cauliflower & Cranberry Salad 300g,https://www.woolworths.com.au/shop/productdetails/663734/the-salad-servers-turmeric-cauliflower-cranberry-salad,,https://assets.woolworths.com.au/images/1005/663734.jpg?impolicy=wowsmkqiema&w=260&h=260,$6.30,$2.10 / 100G,,, Add to cart , Save to list 
The Salad Servers Quinoa Tabbouleh 300g,https://www.woolworths.com.au/shop/productdetails/157302/the-salad-servers-quinoa-tabbouleh,,https://assets.woolworths.com.au/images/1005/157302.jpg?impolicy=wowsmkqiema&w=260&h=260,$6.30,$2.10 / 100G,,, Add to cart , Save to list 
The Salad Servers Lentil Salad 800g,https://www.woolworths.com.au/shop/productdetails/11358/the-salad-servers-lentil-salad,,https://assets.woolworths.com.au/images/1005/11358.jpg?impolicy=wowsmkqiema&w=260&h=260,$10.50,$1.31 / 100G,,, Add to cart , Save to list 
The Salad Servers Salad Bean Medley 300g,https://www.woolworths.com.au/shop/productdetails/839321/the-salad-servers-salad-bean-medley,,https://assets.woolworths.com.au/images/1005/839321.jpg?impolicy=wowsmkqiema&w=260&h=260,$6.30,$2.10 / 100G,5.0,1, Add to cart , Save to list 
Woolworths 8 Beef Sausages 600g,https://www.woolworths.com.au/shop/productdetails/820196/woolworths-8-beef-sausages,https://www.woolworths.com.au/content/promotiontags/roundel-buy-more-save-more-200x200.png,https://assets.woolworths.com.au/images/1005/820196.jpg?impolicy=wowsmkqiema&w=260&h=260,$7.00,$11.67 / 1KG,4.4,504, Add to cart , Save to list 
Woolworths Market Value Thin Sausage 1.8kg,https://www.woolworths.com.au/shop/productdetails/824100/woolworths-market-value-thin-sausage,https://www.woolworths.com.au/content/promotiontags/roundel-special-200x200.png,https://assets.woolworths.com.au/images/1005/824100.jpg?impolicy=wowsmkqiema&w=260&h=260,$10.00,$5.56 / 1KG,4.3,764, Add to cart , Save to list 
Salmon Tasmanian Atlantic Fillets Skin On Per Kg,https://www.woolworths.com.au/shop/productdetails/95171/salmon-tasmanian-atlantic-fillets-skin-on,https://www.woolworths.com.au/content/promotiontags/roundel-special-200x200.png,https://assets.woolworths.com.au/images/1005/95171.jpg?impolicy=wowsmkqiema&w=260&h=260,$29.00,$29.00 / 1KG,3.7,3, Add to cart , Save to list 
Primo Hungarian Salami Mild 80g,https://www.woolworths.com.au/shop/productdetails/544764/primo-hungarian-salami-mild,https://www.woolworths.com.au/content/promotiontags/roundel-buy-more-save-more-200x200.png,https://assets.woolworths.com.au/images/1005/544764.jpg?impolicy=wowsmkqiema&w=260&h=260,$3.70,$46.25 / 1KG,,, Add to cart , Save to list 
K R Castlemaine Hungarian Salami Mild Sliced From The Deli Per Kg,https://www.woolworths.com.au/shop/productdetails/777173/k-r-castlemaine-hungarian-salami-mild-sliced-from-the-deli,,https://assets.woolworths.com.au/images/1005/777173.jpg?impolicy=wowsmkqiema&w=260&h=260,$34.50,$34.50 / 1KG,,, Add to cart , Save to list 
Woolworths 8 Beef Sausages Herb & Garlic 600g,https://www.woolworths.com.au/shop/productdetails/820199/woolworths-8-beef-sausages-herb-garlic,https://www.woolworths.com.au/content/promotiontags/roundel-buy-more-save-more-200x200.png,https://assets.woolworths.com.au/images/1005/820199.jpg?impolicy=wowsmkqiema&w=260&h=260,$7.00,$11.67 / 1KG,4.4,490, Add to cart , Save to list 
Talbot Forest Cheese Co. Peppered Havarti 150g,https://www.woolworths.com.au/shop/productdetails/237557/talbot-forest-cheese-co-peppered-havarti,,https://assets.woolworths.com.au/images/1005/237557.jpg?impolicy=wowsmkqiema&w=260&h=260,$7.00,$46.67 / 1KG,,, Add to cart , Save to list 
Talbot Forest Cheese Co. Maasdam 150g,https://www.woolworths.com.au/shop/productdetails/237577/talbot-forest-cheese-co-maasdam,,https://assets.woolworths.com.au/images/1005/237577.jpg?impolicy=wowsmkqiema&w=260&h=260,$7.00,$46.67 / 1KG,,, Add to cart , Save to list 
Talbot Forest Cheese Co. Creamy Dutch Style Mild Gouda 150g,https://www.woolworths.com.au/shop/productdetails/236708/talbot-forest-cheese-co-creamy-dutch-style-mild-gouda,,https://assets.woolworths.com.au/images/1005/236708.jpg?impolicy=wowsmkqiema&w=260&h=260,$7.00,$46.67 / 1KG,,, Add to cart , Save to list 
"Birds Eye Ocean Selections Raw Prawns Frozen, Garlic And Herb Dusted 500g",https://www.woolworths.com.au/shop/productdetails/246721/birds-eye-ocean-selections-raw-prawns-frozen-garlic-and-herb-dusted,,https://assets.woolworths.com.au/images/1005/246721.jpg?impolicy=wowsmkqiema&w=260&h=260,$22.00,$44.00 / 1KG,,, Add to cart , Save to list 
Ingham's Oven Roasted Turkey Breast Sliced From The Deli Per Kg,https://www.woolworths.com.au/shop/productdetails/59755/ingham-s-oven-roasted-turkey-breast-sliced-from-the-deli,,https://assets.woolworths.com.au/images/1005/59755.jpg?impolicy=wowsmkqiema&w=260&h=260,$28.00,$28.00 / 1KG,,, Add to cart , Save to list 
Mayfair Hungarian Salami Mild 100g,https://www.woolworths.com.au/shop/productdetails/544704/mayfair-hungarian-salami-mild,,https://assets.woolworths.com.au/images/1005/544704.jpg?impolicy=wowsmkqiema&w=260&h=260,$2.20,$22.00 / 1KG,4.4,120, Add to cart , Save to list 
D'orsogna Tasty Sticks Mild From The Deli Per Kg,https://www.woolworths.com.au/shop/productdetails/381344/d-orsogna-tasty-sticks-mild-from-the-deli,https://www.woolworths.com.au/content/promotiontags/project-harvest-roundel-1-for-1-v2-200x200.png,https://assets.woolworths.com.au/images/1005/381344.jpg?impolicy=wowsmkqiema&w=260&h=260,$33.50,$33.50 / 1KG,,, Add to cart , Save to list 
Woolworths Beef Sizzle Schnitzel 400g,https://www.woolworths.com.au/shop/productdetails/686853/woolworths-beef-sizzle-schnitzel,https://www.woolworths.com.au/content/promotiontags/australian-beef-roundel-200x200.png,https://assets.woolworths.com.au/images/1005/686853.jpg?impolicy=wowsmkqiema&w=260&h=260,$12.00,$30.00 / 1KG,4.4,566, Add to cart , Save to list 
Woolworths 8 Beef Sausages Honey Flavoured 600g,https://www.woolworths.com.au/shop/productdetails/820198/woolworths-8-beef-sausages-honey-flavoured,https://www.woolworths.com.au/content/promotiontags/roundel-buy-more-save-more-200x200.png,https://assets.woolworths.com.au/images/1005/820198.jpg?impolicy=wowsmkqiema&w=260&h=260,$7.00,$11.67 / 1KG,4.1,523, Add to cart , Save to list 
Woolworths 8 Pork Sausages 600g,https://www.woolworths.com.au/shop/productdetails/820810/woolworths-8-pork-sausages,https://www.woolworths.com.au/content/promotiontags/roundel-buy-more-save-more-200x200.png,https://assets.woolworths.com.au/images/1005/820810.jpg?impolicy=wowsmkqiema&w=260&h=260,$7.00,$11.67 / 1KG,4.3,1270, Add to cart , Save to list 
Woolworths Beef Rump Steak Medallion Small 300g,https://www.woolworths.com.au/shop/productdetails/675478/woolworths-beef-rump-steak-medallion-small,,https://assets.woolworths.com.au/images/1005/675478.jpg?impolicy=wowsmkqiema&w=260&h=260,,,,,, Save to list 
Ingham's Oven Roasted Turkey Breast Shaved From The Deli Per Kg,https://www.woolworths.com.au/shop/productdetails/27316/ingham-s-oven-roasted-turkey-breast-shaved-from-the-deli,,https://assets.woolworths.com.au/images/1005/27316.jpg?impolicy=wowsmkqiema&w=260&h=260,$28.00,$28.00 / 1KG,,, Add to cart , Save to list 
Bertocchi Sopressa Salami Hot Sliced From The Deli Per Kg,https://www.woolworths.com.au/shop/productdetails/14627/bertocchi-sopressa-salami-hot-sliced-from-the-deli,https://www.woolworths.com.au/content/promotiontags/roundel-special-200x200.png,https://assets.woolworths.com.au/images/1005/14627.jpg?impolicy=wowsmkqiema&w=260&h=260,$29.00,$29.00 / 1KG,,, Add to cart , Save to list 
Salmon Tasmanian Atlantic Fillets Skinned & Boned Per Kg,https://www.woolworths.com.au/shop/productdetails/126497/salmon-tasmanian-atlantic-fillets-skinned-boned,https://www.woolworths.com.au/content/promotiontags/supporting-aus-seafood-roundel-200x200.png,https://assets.woolworths.com.au/images/1005/126497.jpg?impolicy=wowsmkqiema&w=260&h=260,$36.00,$36.00 / 1KG,5.0,1, Add to cart , Save to list 
Woolworths Beef Rump Steak Medium 270g - 750g,https://www.woolworths.com.au/shop/productdetails/675318/woolworths-beef-rump-steak-medium,https://www.woolworths.com.au/content/promotiontags/australian-beef-roundel-200x200.png,https://assets.woolworths.com.au/images/1005/675318.jpg?impolicy=wowsmkqiema&w=260&h=260,$19.60,$28.00 / 1KG,4.3,306, Add to cart , Save to list 
Woolworths 10 Thin Beef Sausages 600g,https://www.woolworths.com.au/shop/productdetails/162378/woolworths-10-thin-beef-sausages,https://www.woolworths.com.au/content/promotiontags/roundel-buy-more-save-more-200x200.png,https://assets.woolworths.com.au/images/1005/162378.jpg?impolicy=wowsmkqiema&w=260&h=260,$7.00,$11.67 / 1KG,4.3,472, Add to cart , Save to list 
Bertocchi Sopressa Salami Mild Sliced From The Deli Per Kg,https://www.woolworths.com.au/shop/productdetails/14663/bertocchi-sopressa-salami-mild-sliced-from-the-deli,https://www.woolworths.com.au/content/promotiontags/roundel-special-200x200.png,https://assets.woolworths.com.au/images/1005/14663.jpg?impolicy=wowsmkqiema&w=260&h=260,$29.00,$29.00 / 1KG,,, Add to cart , Save to list 
Woolworths 16 Beef Chipolatas 600g,https://www.woolworths.com.au/shop/productdetails/820197/woolworths-16-beef-chipolatas,https://www.woolworths.com.au/content/promotiontags/roundel-buy-more-save-more-200x200.png,https://assets.woolworths.com.au/images/1005/820197.jpg?impolicy=wowsmkqiema&w=260&h=260,$7.00,$11.67 / 1KG,4.5,464, Add to cart , Save to list 
Woolworths Corned Beef Silverside 1kg - 2.1kg,https://www.woolworths.com.au/shop/productdetails/148345/woolworths-corned-beef-silverside,,https://assets.woolworths.com.au/images/1005/148345.jpg?impolicy=wowsmkqiema&w=260&h=260,$24.00,$12.00 / 1KG,4.6,410, Add to cart , Save to list 
Ocean Blue Smoked Salmon 300g,https://www.woolworths.com.au/shop/productdetails/365407/ocean-blue-smoked-salmon,https://www.woolworths.com.au/content/promotiontags/roundel-special-200x200.png,https://assets.woolworths.com.au/images/1005/365407.jpg?impolicy=wowsmkqiema&w=260&h=260,$14.00,$46.67 / 1KG,5.0,1, Add to cart , Save to list 
Tassal Smoked Salmon 250g,https://www.woolworths.com.au/shop/productdetails/847118/tassal-smoked-salmon,,https://assets.woolworths.com.au/images/1005/847118.jpg?impolicy=wowsmkqiema&w=260&h=260,$17.00,$68.00 / 1KG,,, Add to cart , Save to list 
Woolworths Corned Beef Shaved Per Kg,https://www.woolworths.com.au/shop/productdetails/747157/woolworths-corned-beef-shaved,,https://assets.woolworths.com.au/images/1005/747157.jpg?impolicy=wowsmkqiema&w=260&h=260,$25.00,$25.00 / 1KG,,, Add to cart , Save to list 
Woolworths Salmon Portions Skin On 4 Pack,https://www.woolworths.com.au/shop/productdetails/157054/woolworths-salmon-portions-skin-on,https://www.woolworths.com.au/content/promotiontags/supporting-aus-seafood-roundel-200x200.png,https://assets.woolworths.com.au/images/1005/157054.jpg?impolicy=wowsmkqiema&w=260&h=260,$15.00,$32.61 / 1KG,4.8,331, Add to cart , Save to list 
D'orsogna Tasty Sticks Mild 200g,https://www.woolworths.com.au/shop/productdetails/763141/d-orsogna-tasty-sticks-mild,https://www.woolworths.com.au/content/promotiontags/roundel-special-200x200.png,https://assets.woolworths.com.au/images/1005/763141.jpg?impolicy=wowsmkqiema&w=260&h=260,$6.40,$32.00 / 1KG,,, Add to cart , Save to list 
Primo Danish Salami 80g,https://www.woolworths.com.au/shop/productdetails/544699/primo-danish-salami,https://www.woolworths.com.au/content/promotiontags/roundel-buy-more-save-more-200x200.png,https://assets.woolworths.com.au/images/1005/544699.jpg?impolicy=wowsmkqiema&w=260&h=260,$3.70,$46.25 / 1KG,,, Add to cart , Save to list 
Ocean Blue Smoked Salmon 100g,https://www.woolworths.com.au/shop/productdetails/345350/ocean-blue-smoked-salmon,,https://assets.woolworths.com.au/images/1005/345350.jpg?impolicy=wowsmkqiema&w=260&h=260,$7.50,$75.00 / 1KG,,, Add to cart , Save to list 
Chicken Sandwich Schnitzel Each,https://www.woolworths.com.au/shop/productdetails/666237/chicken-sandwich-chicken-sandwich-schnitzel,,https://assets.woolworths.com.au/images/1005/666237.jpg?impolicy=wowsmkqiema&w=260&h=260,,,4.2,492,, Save to list 
Chicken Schnitzel Crumbed Each,https://www.woolworths.com.au/shop/productdetails/351196/chicken-schnitzel-crumbed,,https://assets.woolworths.com.au/images/1005/351196.jpg?impolicy=wowsmkqiema&w=260&h=260,$3.70,$3.70 / 1EA,3.8,5743, Add to cart , Save to list 
Ingham's Turkey Mince 500g,https://www.woolworths.com.au/shop/productdetails/310742/ingham-s-turkey-mince,,https://assets.woolworths.com.au/images/1005/310742.jpg?impolicy=wowsmkqiema&w=260&h=260,$6.50,$13.00 / 1KG,,, Add to cart , Save to list 
Krc Hungarian Salami Mild Shaved From The Deli Per Kg,https://www.woolworths.com.au/shop/productdetails/777945/krc-hungarian-salami-mild-shaved-from-the-deli,,https://assets.woolworths.com.au/images/1005/777945.jpg?impolicy=wowsmkqiema&w=260&h=260,$34.50,$34.50 / 1KG,,, Add to cart , Save to list 
Woolworths Caramelised Onion & Angus Beef Sausages 500g,https://www.woolworths.com.au/shop/productdetails/83730/woolworths-caramelised-onion-angus-beef-sausages,,https://assets.woolworths.com.au/images/1005/83730.jpg?impolicy=wowsmkqiema&w=260&h=260,$9.00,$18.00 / 1KG,3.6,635, Add to cart , Save to list 
D'orsogna Hungarian Salami 4 Pack,https://www.woolworths.com.au/shop/productdetails/99441/d-orsogna-hungarian-salami,,https://assets.woolworths.com.au/images/1005/99441.jpg?impolicy=wowsmkqiema&w=260&h=260,,,,,, Save to list 
Woolworths Corned Beef Sliced From The Deli Per Kg,https://www.woolworths.com.au/shop/productdetails/361522/woolworths-corned-beef-sliced-from-the-deli,,https://assets.woolworths.com.au/images/1005/361522.jpg?impolicy=wowsmkqiema&w=260&h=260,$25.00,$25.00 / 1KG,,, Add to cart , Save to list 
Tassal Atlantic Salmon Skin On 300g,https://www.woolworths.com.au/shop/productdetails/630332/tassal-atlantic-salmon-skin-on,https://www.woolworths.com.au/content/promotiontags/supporting-aus-seafood-roundel-200x200.png,https://assets.woolworths.com.au/images/1005/630332.jpg?impolicy=wowsmkqiema&w=260&h=260,$14.00,$46.67 / 1KG,5.0,1, Add to cart , Save to list 
D'orsogna Deli Fresh Mild Salami 80g,https://www.woolworths.com.au/shop/productdetails/744023/d-orsogna-deli-fresh-mild-salami,,https://assets.woolworths.com.au/images/1005/744023.jpg?impolicy=wowsmkqiema&w=260&h=260,,,,,, Save to list 
K R Castlemaine Hungarian Salami Hot Sliced From The Deli Per Kg,https://www.woolworths.com.au/shop/productdetails/777183/k-r-castlemaine-hungarian-salami-hot-sliced-from-the-deli,,https://assets.woolworths.com.au/images/1005/777183.jpg?impolicy=wowsmkqiema&w=260&h=260,$34.50,$34.50 / 1KG,,, Add to cart , Save to list 
Tassal Hot Smoked Salmon Natural 150g,https://www.woolworths.com.au/shop/productdetails/846995/tassal-hot-smoked-salmon-natural,https://www.woolworths.com.au/content/promotiontags/supporting-aus-seafood-roundel-200x200.png,https://assets.woolworths.com.au/images/1005/846995.jpg?impolicy=wowsmkqiema&w=260&h=260,$10.50,$70.00 / 1KG,,, Add to cart , Save to list 
Hans Salami Sticks 15g,https://www.woolworths.com.au/shop/productdetails/47666/hans-salami-sticks,https://www.woolworths.com.au/content/promotiontags/roundel-special-200x200.png,https://assets.woolworths.com.au/images/1005/47666.jpg?impolicy=wowsmkqiema&w=260&h=260,$0.95,$63.33 / 1KG,,, Add to cart , Save to list 
Woolworths Cook Beef Pepper Steaks 300g,https://www.woolworths.com.au/shop/productdetails/54241/woolworths-cook-beef-pepper-steaks,https://www.woolworths.com.au/content/promotiontags/roundel-buy-more-save-more-200x200.png,https://assets.woolworths.com.au/images/1005/54241.jpg?impolicy=wowsmkqiema&w=260&h=260,$8.00,$26.67 / 1KG,4.0,615, Add to cart , Save to list 
Tassal Premium Tasmanian Smoked Salmon Slices 100g,https://www.woolworths.com.au/shop/productdetails/29637/tassal-premium-tasmanian-smoked-salmon-slices,,https://assets.woolworths.com.au/images/1005/29637.jpg?impolicy=wowsmkqiema&w=260&h=260,$9.00,$90.00 / 1KG,,, Add to cart , Save to list 
Woolworths Beef Scotch Fillet Steak Medium 250g - 650g,https://www.woolworths.com.au/shop/productdetails/675654/woolworths-beef-scotch-fillet-steak-medium,https://www.woolworths.com.au/content/promotiontags/roundel-special-200x200.png,https://assets.woolworths.com.au/images/1005/675654.jpg?impolicy=wowsmkqiema&w=260&h=260,$25.35,$39.00 / 1KG,4.7,144, Add to cart , Save to list 
K R Castlemaine Hungarian Salami Shaved Hot From The Deli Per Kg,https://www.woolworths.com.au/shop/productdetails/777944/k-r-castlemaine-hungarian-salami-shaved-hot-from-the-deli,,https://assets.woolworths.com.au/images/1005/777944.jpg?impolicy=wowsmkqiema&w=260&h=260,,,,,, Save to list 
Ocean Blue Smoked Salmon Sliced 50g,https://www.woolworths.com.au/shop/productdetails/345345/ocean-blue-smoked-salmon-sliced,,https://assets.woolworths.com.au/images/1005/345345.jpg?impolicy=wowsmkqiema&w=260&h=260,$5.50,$110.00 / 1KG,,, Add to cart , Save to list 
Woolworths Rspca Approved Chicken Breast Fillet Min. 250g,https://www.woolworths.com.au/shop/productdetails/25734/woolworths-rspca-approved-chicken-breast-fillet,https://www.woolworths.com.au/content/promotiontags/australian-chicken-roundel-200x200.png,https://assets.woolworths.com.au/images/1005/25734.jpg?impolicy=wowsmkqiema&w=260&h=260,$10.50,$10.50 / 1KG,,, Add to cart , Save to list 
San Marino Hungarian Mild Salami 100g,https://www.woolworths.com.au/shop/productdetails/775760/san-marino-hungarian-mild-salami,,https://assets.woolworths.com.au/images/1005/775760.jpg?impolicy=wowsmkqiema&w=260&h=260,$7.50,$75.00 / 1KG,,, Add to cart , Save to list 
Primo Pepperoni Salami Hot 80g,https://www.woolworths.com.au/shop/productdetails/544765/primo-pepperoni-salami-hot,https://www.woolworths.com.au/content/promotiontags/roundel-buy-more-save-more-200x200.png,https://assets.woolworths.com.au/images/1005/544765.jpg?impolicy=wowsmkqiema&w=260&h=260,$3.70,$46.25 / 1KG,5.0,1, Add to cart , Save to list 
Woolworths Salmon Portions Skin Off 4 Pack,https://www.woolworths.com.au/shop/productdetails/157055/woolworths-salmon-portions-skin-off,https://www.woolworths.com.au/content/promotiontags/supporting-aus-seafood-roundel-200x200.png,https://assets.woolworths.com.au/images/1005/157055.jpg?impolicy=wowsmkqiema&w=260&h=260,$17.50,$38.04 / 1KG,4.8,515, Add to cart , Save to list 
Woolworths Beef Oyster Blade Steak 600g,https://www.woolworths.com.au/shop/productdetails/675479/woolworths-beef-oyster-blade-steak,https://www.woolworths.com.au/content/promotiontags/australian-beef-roundel-200x200.png,https://assets.woolworths.com.au/images/1005/675479.jpg?impolicy=wowsmkqiema&w=260&h=260,$15.50,$25.83 / 1KG,4.5,438, Add to cart , Save to list 
Ocean Chef Salmon Portions Skin On 1kg,https://www.woolworths.com.au/shop/productdetails/763541/ocean-chef-salmon-portions-skin-on,https://www.woolworths.com.au/content/promotiontags/roundel-special-200x200.png,https://assets.woolworths.com.au/images/1005/763541.jpg?impolicy=wowsmkqiema&w=260&h=260,$26.50,$26.50 / 1KG,,, Add to cart , Save to list 
Woolworths 8 Chicken Sausages 600g,https://www.woolworths.com.au/shop/productdetails/825120/woolworths-8-chicken-sausages,https://www.woolworths.com.au/content/promotiontags/roundel-buy-more-save-more-200x200.png,https://assets.woolworths.com.au/images/1005/825120.jpg?impolicy=wowsmkqiema&w=260&h=260,$7.00,$11.67 / 1KG,4.3,785, Add to cart , Save to list 
Macro Grass Fed Australian Beef Rump Steak 300g,https://www.woolworths.com.au/shop/productdetails/175571/macro-grass-fed-australian-beef-rump-steak,https://www.woolworths.com.au/content/promotiontags/australian-beef-roundel-200x200.png,https://assets.woolworths.com.au/images/1005/175571.jpg?impolicy=wowsmkqiema&w=260&h=260,$14.50,$48.33 / 1KG,4.6,956, Add to cart , Save to list 
Woolworths Italian Style Fennel Pork Sausages 500g,https://www.woolworths.com.au/shop/productdetails/83729/woolworths-italian-style-fennel-pork-sausages,https://www.woolworths.com.au/content/promotiontags/2022-gold-medal-roundel.png,https://assets.woolworths.com.au/images/1005/83729.jpg?impolicy=wowsmkqiema&w=260&h=260,$9.00,$18.00 / 1KG,3.8,395, Add to cart , Save to list 
Woolworths Classic Cumberland Pork Sausages 500g,https://www.woolworths.com.au/shop/productdetails/83728/woolworths-classic-cumberland-pork-sausages,https://www.woolworths.com.au/content/promotiontags/2022-gold-medal-roundel.png,https://assets.woolworths.com.au/images/1005/83728.jpg?impolicy=wowsmkqiema&w=260&h=260,$9.00,$18.00 / 1KG,4.1,535, Add to cart , Save to list 
Woolworths Beef Scotch Fillet Steak Small 180g - 300g,https://www.woolworths.com.au/shop/productdetails/675653/woolworths-beef-scotch-fillet-steak-small,https://www.woolworths.com.au/content/promotiontags/roundel-special-200x200.png,https://assets.woolworths.com.au/images/1005/675653.jpg?impolicy=wowsmkqiema&w=260&h=260,$11.70,$39.00 / 1KG,,, Add to cart , Save to list 
Tassal Smoked Salmon 150g,https://www.woolworths.com.au/shop/productdetails/847049/tassal-smoked-salmon,,https://assets.woolworths.com.au/images/1005/847049.jpg?impolicy=wowsmkqiema&w=260&h=260,$12.00,$80.00 / 1KG,,, Add to cart , Save to list 
Ocean Blue Smoked Salmon 180g,https://www.woolworths.com.au/shop/productdetails/345348/ocean-blue-smoked-salmon,,https://assets.woolworths.com.au/images/1005/345348.jpg?impolicy=wowsmkqiema&w=260&h=260,$11.80,$65.56 / 1KG,,, Add to cart , Save to list 
Woolworths Frozen Salmon Fillets Skin On 250g,https://www.woolworths.com.au/shop/productdetails/259832/woolworths-frozen-salmon-fillets-skin-on,https://www.woolworths.com.au/content/promotiontags/awards-2022-winner-roundel.png,https://assets.woolworths.com.au/images/1005/259832.jpg?impolicy=wowsmkqiema&w=260&h=260,$7.00,$28.00 / 1KG,4.5,459, Add to cart , Save to list 
Chicken Schnitzel Parmi Crumbed Each,https://www.woolworths.com.au/shop/productdetails/433191/chicken-schnitzel-parmi-crumbed,,https://assets.woolworths.com.au/images/1005/433191.jpg?impolicy=wowsmkqiema&w=260&h=260,$3.70,$3.70 / 1EA,,, Add to cart , Save to list 
Woolworths Homestyle Beef Rissoles 8 Pack,https://www.woolworths.com.au/shop/productdetails/589137/woolworths-homestyle-beef-rissoles,,https://assets.woolworths.com.au/images/1005/589137.jpg?impolicy=wowsmkqiema&w=260&h=260,$8.50,$14.17 / 1KG,4.0,1343, Add to cart , Save to list 
Superior Gold Salmon Smoked 180g,https://www.woolworths.com.au/shop/productdetails/846997/superior-gold-salmon-smoked,https://www.woolworths.com.au/content/promotiontags/roundel-special-200x200.png,https://assets.woolworths.com.au/images/1005/846997.jpg?impolicy=wowsmkqiema&w=260&h=260,$12.00,$66.67 / 1KG,,, Add to cart , Save to list 
Woolworths Beef Eye Fillet Thick Cut Steak 320g,https://www.woolworths.com.au/shop/productdetails/82224/woolworths-beef-eye-fillet-thick-cut-steak,https://www.woolworths.com.au/content/promotiontags/australian-beef-roundel-200x200.png,https://assets.woolworths.com.au/images/1005/82224.jpg?impolicy=wowsmkqiema&w=260&h=260,$22.50,$70.31 / 1KG,4.8,269, Add to cart , Save to list 
Don Salami Danish 200g,https://www.woolworths.com.au/shop/productdetails/64119/don-salami-danish,,https://assets.woolworths.com.au/images/1005/64119.jpg?impolicy=wowsmkqiema&w=260&h=260,$8.50,$42.50 / 1KG,,, Add to cart , Save to list 
Woolworths Beef & Lamb Meatballs 400g,https://www.woolworths.com.au/shop/productdetails/764264/woolworths-beef-lamb-meatballs,https://www.woolworths.com.au/content/promotiontags/roundel-buy-more-save-more-200x200.png,https://assets.woolworths.com.au/images/1005/764264.jpg?impolicy=wowsmkqiema&w=260&h=260,$8.00,$20.00 / 1KG,4.5,515, Add to cart , Save to list 
Woolworths Aussie Beef Gluten Free Sausage Mince 500g,https://www.woolworths.com.au/shop/productdetails/109099/woolworths-aussie-beef-gluten-free-sausage-mince,,https://assets.woolworths.com.au/images/1005/109099.jpg?impolicy=wowsmkqiema&w=260&h=260,$6.00,$12.00 / 1KG,4.3,379, Add to cart , Save to list 
Woolworths Fetta & Rosemary Lamb Sausages 500g,https://www.woolworths.com.au/shop/productdetails/83732/woolworths-fetta-rosemary-lamb-sausages,https://www.woolworths.com.au/content/promotiontags/2022-gold-medal-roundel.png,https://assets.woolworths.com.au/images/1005/83732.jpg?impolicy=wowsmkqiema&w=260&h=260,$9.00,$18.00 / 1KG,4.0,505, Add to cart , Save to list 
Peppercorn Beef Sausages Extra Lean 450g,https://www.woolworths.com.au/shop/productdetails/178143/peppercorn-beef-sausages-extra-lean,https://www.woolworths.com.au/content/promotiontags/local-seals-nsw.png,https://assets.woolworths.com.au/images/1005/178143.jpg?impolicy=wowsmkqiema&w=260&h=260,$10.00,$22.22 / 1KG,2.0,1, Add to cart , Save to list 
Woolworths Chicken Bulk Schnitzels 1.5kg,https://www.woolworths.com.au/shop/productdetails/134036/woolworths-chicken-bulk-schnitzels,,https://assets.woolworths.com.au/images/1005/134036.jpg?impolicy=wowsmkqiema&w=260&h=260,$14.00,$9.33 / 1KG,3.9,1430, Add to cart , Save to list 
Woolworths Beef Eye Fillet Steak 200g - 500g,https://www.woolworths.com.au/shop/productdetails/675315/woolworths-beef-eye-fillet-steak,https://www.woolworths.com.au/content/promotiontags/australian-beef-roundel-200x200.png,https://assets.woolworths.com.au/images/1005/675315.jpg?impolicy=wowsmkqiema&w=260&h=260,$23.40,$52.00 / 1KG,4.8,119, Add to cart , Save to list 
Champagne Leg Ham Shaved From The Deli Per Kg,https://www.woolworths.com.au/shop/productdetails/129693/champagne-leg-ham-shaved-from-the-deli,,https://assets.woolworths.com.au/images/1005/129693.jpg?impolicy=wowsmkqiema&w=260&h=260,$22.00,$22.00 / 1KG,,, Add to cart , Save to list 
Tassal Hot Smoked Salmon Peppercorn 150g,https://www.woolworths.com.au/shop/productdetails/846996/tassal-hot-smoked-salmon-peppercorn,,https://assets.woolworths.com.au/images/1005/846996.jpg?impolicy=wowsmkqiema&w=260&h=260,$10.50,$70.00 / 1KG,,, Add to cart , Save to list 
D'orsogna Middle Bacon Per Kg,https://www.woolworths.com.au/shop/productdetails/71859/d-orsogna-middle-bacon,https://www.woolworths.com.au/content/promotiontags/project-harvest-roundel-1-for-1-v2-200x200.png,https://assets.woolworths.com.au/images/1005/71859.jpg?impolicy=wowsmkqiema&w=260&h=260,$15.00,$15.00 / 1KG,,, Add to cart , Save to list 
D'orsogna Deli Fresh Spicy Chorizo Salami 80g,https://www.woolworths.com.au/shop/productdetails/744022/d-orsogna-deli-fresh-spicy-chorizo-salami,,https://assets.woolworths.com.au/images/1005/744022.jpg?impolicy=wowsmkqiema&w=260&h=260,,,,,, Save to list 
Macro Chicken Tenderloins Free Range 440g - 750g,https://www.woolworths.com.au/shop/productdetails/700279/macro-chicken-tenderloins-free-range,,https://assets.woolworths.com.au/images/1005/700279.jpg?impolicy=wowsmkqiema&w=260&h=260,$15.00,$20.00 / 1KG,4.8,617, Add to cart , Save to list 
Bertocchi Pepper Crusted Chilli Sopressa Salami Sliced From The Deli Per Kg,https://www.woolworths.com.au/shop/productdetails/792109/bertocchi-pepper-crusted-chilli-sopressa-salami-sliced-from-the-deli,https://www.woolworths.com.au/content/promotiontags/roundel-special-200x200.png,https://assets.woolworths.com.au/images/1005/792109.jpg?impolicy=wowsmkqiema&w=260&h=260,$32.00,$32.00 / 1KG,,, Add to cart , Save to list 
D'orsogna Shortcut Bacon Per Kg,https://www.woolworths.com.au/shop/productdetails/71841/d-orsogna-shortcut-bacon,,https://assets.woolworths.com.au/images/1005/71841.jpg?impolicy=wowsmkqiema&w=260&h=260,,,,,, Save to list 
Don Salami Pepperoni 200g,https://www.woolworths.com.au/shop/productdetails/64117/don-salami-pepperoni,,https://assets.woolworths.com.au/images/1005/64117.jpg?impolicy=wowsmkqiema&w=260&h=260,$8.50,$42.50 / 1KG,,, Add to cart , Save to list 
Woolworths Heart Smart Extra Lean Beef Mince 500g,https://www.woolworths.com.au/shop/productdetails/577860/woolworths-heart-smart-extra-lean-beef-mince,https://www.woolworths.com.au/content/promotiontags/australian-beef-roundel-200x200.png,https://assets.woolworths.com.au/images/1005/577860.jpg?impolicy=wowsmkqiema&w=260&h=260,$10.50,$21.00 / 1KG,4.6,542, Add to cart , Save to list 
Woolworths Creamy Potato Salad 250g,https://www.woolworths.com.au/shop/productdetails/546844/woolworths-creamy-potato-salad,,https://assets.woolworths.com.au/images/1005/546844.jpg?impolicy=wowsmkqiema&w=260&h=260,$3.80,$1.52 / 100G,4.1,669, Add to cart , Save to list 
Primo Hungarian Salami Hot 80g,https://www.woolworths.com.au/shop/productdetails/68488/primo-hungarian-salami-hot,https://www.woolworths.com.au/content/promotiontags/roundel-buy-more-save-more-200x200.png,https://assets.woolworths.com.au/images/1005/68488.jpg?impolicy=wowsmkqiema&w=260&h=260,$3.70,$46.25 / 1KG,,, Add to cart , Save to list 
Primo Speck Portion Min. 380g,https://www.woolworths.com.au/shop/productdetails/328044/primo-speck-portion,,https://assets.woolworths.com.au/images/1005/328044.jpg?impolicy=wowsmkqiema&w=260&h=260,$12.01,$31.60 / 1KG,,, Add to cart , Save to list 
Woolworths Pork Sizzle Steak 400g,https://www.woolworths.com.au/shop/productdetails/680992/woolworths-pork-sizzle-steak,https://www.woolworths.com.au/content/promotiontags/roundel-special-200x200.png,https://assets.woolworths.com.au/images/1005/680992.jpg?impolicy=wowsmkqiema&w=260&h=260,$7.50,$18.75 / 1KG,4.6,645, Add to cart , Save to list 
Woolworths Thawed Squid Tubes Per Kg,https://www.woolworths.com.au/shop/productdetails/130482/woolworths-thawed-squid-tubes,https://www.woolworths.com.au/content/promotiontags/supporting-aus-seafood-roundel-200x200.png,https://assets.woolworths.com.au/images/1005/130482.jpg?impolicy=wowsmkqiema&w=260&h=260,$21.00,$21.00 / 1KG,,, Add to cart , Save to list 
Woolworths Beef T Bone Steak Medium 250g - 700g,https://www.woolworths.com.au/shop/productdetails/675651/woolworths-beef-t-bone-steak-medium,https://www.woolworths.com.au/content/promotiontags/australian-beef-roundel-200x200.png,https://assets.woolworths.com.au/images/1005/675651.jpg?impolicy=wowsmkqiema&w=260&h=260,$16.50,$30.00 / 1KG,4.6,67, Add to cart , Save to list 
Fitzco Aussie Country Style Burgers Style Burger 9 Pack,https://www.woolworths.com.au/shop/productdetails/311660/fitzco-aussie-country-style-burgers-style-burger,,https://assets.woolworths.com.au/images/1005/311660.jpg?impolicy=wowsmkqiema&w=260&h=260,$6.20,$12.40 / 1KG,,, Add to cart , Save to list 
Woolworths Lamb Leg Steak 540g,https://www.woolworths.com.au/shop/productdetails/827609/woolworths-lamb-leg-steak,https://www.woolworths.com.au/content/promotiontags/australian-lamb-roundel-200x200.png,https://assets.woolworths.com.au/images/1005/827609.jpg?impolicy=wowsmkqiema&w=260&h=260,$16.00,$29.63 / 1KG,5.0,1, Add to cart , Save to list 
D'orsogna Ham Leg Shaved 400g,https://www.woolworths.com.au/shop/productdetails/795918/d-orsogna-ham-leg-shaved,https://www.woolworths.com.au/content/promotiontags/project-harvest-roundel-1-for-1-v2-200x200.png,https://assets.woolworths.com.au/images/1005/795918.jpg?impolicy=wowsmkqiema&w=260&h=260,$5.70,$14.25 / 1KG,2.0,1, Add to cart , Save to list 
Don Strasburg Roll 500g,https://www.woolworths.com.au/shop/productdetails/97588/don-strasburg-roll,,https://assets.woolworths.com.au/images/1005/97588.jpg?impolicy=wowsmkqiema&w=260&h=260,$7.30,$14.60 / 1KG,,, Add to cart , Save to list 
D'orsogna Deli Fresh Lightly Smoked Turkey 80g,https://www.woolworths.com.au/shop/productdetails/101397/d-orsogna-deli-fresh-lightly-smoked-turkey,,https://assets.woolworths.com.au/images/1005/101397.jpg?impolicy=wowsmkqiema&w=260&h=260,,,,,, Save to list 
Woolworths Beef Scotch Fillet Thick Cut Steak 300g,https://www.woolworths.com.au/shop/productdetails/82226/woolworths-beef-scotch-fillet-thick-cut-steak,https://www.woolworths.com.au/content/promotiontags/australian-beef-roundel-200x200.png,https://assets.woolworths.com.au/images/1005/82226.jpg?impolicy=wowsmkqiema&w=260&h=260,$17.50,$58.33 / 1KG,4.7,189, Add to cart , Save to list 
Don Salami Hungarian Mild 180g,https://www.woolworths.com.au/shop/productdetails/23064/don-salami-hungarian-mild,https://www.woolworths.com.au/content/promotiontags/roundel-special-200x200.png,https://assets.woolworths.com.au/images/1005/23064.jpg?impolicy=wowsmkqiema&w=260&h=260,$5.50,$30.56 / 1KG,,, Add to cart , Save to list 
Don Salami Hungarian Hot 200g,https://www.woolworths.com.au/shop/productdetails/64118/don-salami-hungarian-hot,,https://assets.woolworths.com.au/images/1005/64118.jpg?impolicy=wowsmkqiema&w=260&h=260,$8.50,$42.50 / 1KG,,, Add to cart , Save to list 
Woolworths Hotdogs 500g,https://www.woolworths.com.au/shop/productdetails/625348/woolworths-hotdogs,,https://assets.woolworths.com.au/images/1005/625348.jpg?impolicy=wowsmkqiema&w=260&h=260,$2.50,$5.00 / 1KG,4.3,17, Add to cart , Save to list 
Beef Chuck Steak Medium 300g - 700g,https://www.woolworths.com.au/shop/productdetails/675632/woolworths-beef-chuck-steak-medium,https://www.woolworths.com.au/content/promotiontags/australian-beef-roundel-200x200.png,https://assets.woolworths.com.au/images/1005/675632.jpg?impolicy=wowsmkqiema&w=260&h=260,$14.00,$20.00 / 1KG,,, Add to cart , Save to list 
Woolworths Cocktail Frankfurts 500g,https://www.woolworths.com.au/shop/productdetails/625347/woolworths-cocktail-frankfurts,,https://assets.woolworths.com.au/images/1005/625347.jpg?impolicy=wowsmkqiema&w=260&h=260,$2.50,$5.00 / 1KG,4.4,398, Add to cart , Save to list 
Woolworths Green Banana Prawns Large Thawed Per Kg,https://www.woolworths.com.au/shop/productdetails/96995/woolworths-green-banana-prawns-large-thawed,https://www.woolworths.com.au/content/promotiontags/supporting-aus-seafood-roundel-200x200.png,https://assets.woolworths.com.au/images/1005/96995.jpg?impolicy=wowsmkqiema&w=260&h=260,$26.00,$26.00 / 1KG,,, Add to cart , Save to list 
Thawed Marinara Mix Per Kg,https://www.woolworths.com.au/shop/productdetails/593307/marinara-mix-thawed-marinara-mix,https://www.woolworths.com.au/content/promotiontags/roundel-special-200x200.png,https://assets.woolworths.com.au/images/1005/593307.jpg?impolicy=wowsmkqiema&w=260&h=260,$14.00,$14.00 / 1KG,5.0,1, Add to cart , Save to list 
Don Cocktail Frankfurts From The Deli Per Kg,https://www.woolworths.com.au/shop/productdetails/741794/don-cocktail-frankfurts-from-the-deli,https://www.woolworths.com.au/content/promotiontags/roundel-special-200x200.png,https://assets.woolworths.com.au/images/1005/741794.jpg?impolicy=wowsmkqiema&w=260&h=260,$7.30,$7.30 / 1KG,,, Add to cart , Save to list 
Primo Silverside Beef 80g,https://www.woolworths.com.au/shop/productdetails/90848/primo-silverside-beef,https://www.woolworths.com.au/content/promotiontags/roundel-buy-more-save-more-200x200.png,https://assets.woolworths.com.au/images/1005/90848.jpg?impolicy=wowsmkqiema&w=260&h=260,$3.70,$46.25 / 1KG,4.0,1, Add to cart , Save to list 
Fresh Salmon Skin On Bag And Bake Teriyaki Ginger Per Kg,https://www.woolworths.com.au/shop/productdetails/859126/fresh-salmon-skin-on-bag-and-bake-teriyaki-ginger,https://www.woolworths.com.au/content/promotiontags/roundel-special-200x200.png,https://assets.woolworths.com.au/images/1005/859126.jpg?impolicy=wowsmkqiema&w=260&h=260,$29.00,$29.00 / 1KG,,, Add to cart , Save to list 
Primo Champagne Ham Thinly Sliced 100g,https://www.woolworths.com.au/shop/productdetails/544761/primo-champagne-ham-thinly-sliced,https://www.woolworths.com.au/content/promotiontags/roundel-buy-more-save-more-200x200.png,https://assets.woolworths.com.au/images/1005/544761.jpg?impolicy=wowsmkqiema&w=260&h=260,$3.70,$37.00 / 1KG,4.0,1, Add to cart , Save to list 
Gourmet Seafood Salad Chilled Premium Gourmet Per Kg,https://www.woolworths.com.au/shop/productdetails/97444/gourmet-seafood-salad-chilled-premium-gourmet,,https://assets.woolworths.com.au/images/1005/97444.jpg?impolicy=wowsmkqiema&w=260&h=260,$19.50,$19.50 / 1KG,,, Add to cart , Save to list 
Don Salami Sliced Pepperoni 100g,https://www.woolworths.com.au/shop/productdetails/730850/don-salami-sliced-pepperoni,,https://assets.woolworths.com.au/images/1005/730850.jpg?impolicy=wowsmkqiema&w=260&h=260,$5.00,$50.00 / 1KG,,, Add to cart , Save to list 
Woolworths Salmon Portions Skin On 2 Pack,https://www.woolworths.com.au/shop/productdetails/157052/woolworths-salmon-portions-skin-on,https://www.woolworths.com.au/content/promotiontags/supporting-aus-seafood-roundel-200x200.png,https://assets.woolworths.com.au/images/1005/157052.jpg?impolicy=wowsmkqiema&w=260&h=260,$12.00,$42.86 / 1KG,4.8,344, Add to cart , Save to list 
Birch & Waite Rich Tartare Seafood Sauce 250ml,https://www.woolworths.com.au/shop/productdetails/841749/birch-waite-rich-tartare-seafood-sauce,,https://assets.woolworths.com.au/images/1005/841749.jpg?impolicy=wowsmkqiema&w=260&h=260,$5.25,$2.10 / 100ML,,, Add to cart , Save to list 
D'orsogna Jarrah Honey Ham Off The Bone Freshly Sliced From The Deli Per Kg,https://www.woolworths.com.au/shop/productdetails/620121/d-orsogna-jarrah-honey-ham-off-the-bone-freshly-sliced-from-the-deli,https://www.woolworths.com.au/content/promotiontags/project-harvest-roundel-1-for-1-v2-200x200.png,https://assets.woolworths.com.au/images/1005/620121.jpg?impolicy=wowsmkqiema&w=260&h=260,$29.00,$29.00 / 1KG,,, Add to cart , Save to list 
Woolworths Creamy Pasta Salad 250g,https://www.woolworths.com.au/shop/productdetails/546845/woolworths-creamy-pasta-salad,,https://assets.woolworths.com.au/images/1005/546845.jpg?impolicy=wowsmkqiema&w=260&h=260,$3.80,$1.52 / 100G,4.3,492, Add to cart , Save to list 
Don Salami Hungarian Plain 200g,https://www.woolworths.com.au/shop/productdetails/64116/don-salami-hungarian-plain,,https://assets.woolworths.com.au/images/1005/64116.jpg?impolicy=wowsmkqiema&w=260&h=260,$8.50,$42.50 / 1KG,,, Add to cart , Save to list 
Woolworths Hot Smoked Salmon Pepper 150g,https://www.woolworths.com.au/shop/productdetails/764099/woolworths-hot-smoked-salmon-pepper,https://www.woolworths.com.au/content/promotiontags/roundel-special-200x200.png,https://assets.woolworths.com.au/images/1005/764099.jpg?impolicy=wowsmkqiema&w=260&h=260,$7.50,$50.00 / 1KG,4.3,194, Add to cart , Save to list 
Woolworths Angus Beef Burgers Sea Salt & Pepper 450g,https://www.woolworths.com.au/shop/productdetails/60058/woolworths-angus-beef-burgers-sea-salt-pepper,https://www.woolworths.com.au/content/promotiontags/roundel-buy-more-save-more-200x200.png,https://assets.woolworths.com.au/images/1005/60058.jpg?impolicy=wowsmkqiema&w=260&h=260,$9.00,$20.00 / 1KG,4.3,4713, Add to cart , Save to list 
Woolworths Hot Smoked Salmon Natural 150g,https://www.woolworths.com.au/shop/productdetails/756620/woolworths-hot-smoked-salmon-natural,https://www.woolworths.com.au/content/promotiontags/roundel-special-200x200.png,https://assets.woolworths.com.au/images/1005/756620.jpg?impolicy=wowsmkqiema&w=260&h=260,$7.50,$50.00 / 1KG,4.4,411, Add to cart , Save to list 
Clearly Premium Smoked Ocean Trout 500g,https://www.woolworths.com.au/shop/productdetails/666358/clearly-premium-smoked-ocean-trout,,https://assets.woolworths.com.au/images/1005/666358.jpg?impolicy=wowsmkqiema&w=260&h=260,$25.00,$50.00 / 1KG,,, Add to cart , Save to list 
Woolworths Beef Porterhouse Steak 300g,https://www.woolworths.com.au/shop/productdetails/82225/woolworths-beef-porterhouse-steak,https://www.woolworths.com.au/content/promotiontags/australian-beef-roundel-200x200.png,https://assets.woolworths.com.au/images/1005/82225.jpg?impolicy=wowsmkqiema&w=260&h=260,$15.50,$51.67 / 1KG,4.7,352, Add to cart , Save to list 
San Marino Platter Continental 180g,https://www.woolworths.com.au/shop/productdetails/64005/san-marino-platter-continental,,https://assets.woolworths.com.au/images/1005/64005.jpg?impolicy=wowsmkqiema&w=260&h=260,$13.50,$75.00 / 1KG,,, Add to cart , Save to list 
Woolworths Beef Mince 500g,https://www.woolworths.com.au/shop/productdetails/577863/woolworths-beef-mince,https://www.woolworths.com.au/content/promotiontags/australian-beef-roundel-200x200.png,https://assets.woolworths.com.au/images/1005/577863.jpg?impolicy=wowsmkqiema&w=260&h=260,$7.00,$14.00 / 1KG,4.4,486, Add to cart , Save to list 
D'orsogna Plain Streaky Bacon From The Deli Per Kg,https://www.woolworths.com.au/shop/productdetails/746376/d-orsogna-plain-streaky-bacon-from-the-deli,https://www.woolworths.com.au/content/promotiontags/project-harvest-roundel-1-for-1-v2-200x200.png,https://assets.woolworths.com.au/images/1005/746376.jpg?impolicy=wowsmkqiema&w=260&h=260,$19.00,$19.00 / 1KG,,, Add to cart , Save to list 
Woolworths Beef Porterhouse Steak & Butter 400g,https://www.woolworths.com.au/shop/productdetails/243050/woolworths-beef-porterhouse-steak-butter,,https://assets.woolworths.com.au/images/1005/243050.jpg?impolicy=wowsmkqiema&w=260&h=260,,,,,, Save to list 
Woolworths Bbq Classic Beef Burger 4 Pack,https://www.woolworths.com.au/shop/productdetails/764321/woolworths-bbq-classic-beef-burger,https://www.woolworths.com.au/content/promotiontags/roundel-buy-more-save-more-200x200.png,https://assets.woolworths.com.au/images/1005/764321.jpg?impolicy=wowsmkqiema&w=260&h=260,$8.50,$17.00 / 1KG,4.2,626, Add to cart , Save to list 
Woolworths Pork Shoulder Roast Boneless 1.3kg - 2.8kg,https://www.woolworths.com.au/shop/productdetails/764541/woolworths-pork-shoulder-roast-boneless-boneless-small,https://www.woolworths.com.au/content/promotiontags/australian-pork-roundel-200x200.png,https://assets.woolworths.com.au/images/1005/764541.jpg?impolicy=wowsmkqiema&w=260&h=260,$28.00,$10.00 / 1KG,4.7,18, Add to cart , Save to list 
Bertocchi Sopressa Salami With Fennel Sliced From The Deli Per Kg,https://www.woolworths.com.au/shop/productdetails/790677/bertocchi-sopressa-salami-with-fennel-sliced-from-the-deli,https://www.woolworths.com.au/content/promotiontags/roundel-special-200x200.png,https://assets.woolworths.com.au/images/1005/790677.jpg?impolicy=wowsmkqiema&w=260&h=260,$32.00,$32.00 / 1KG,,, Add to cart , Save to list 
Woolworths Lean Beef Mince 1kg,https://www.woolworths.com.au/shop/productdetails/577862/woolworths-lean-beef-mince,https://www.woolworths.com.au/content/promotiontags/australian-beef-roundel-200x200.png,https://assets.woolworths.com.au/images/1005/577862.jpg?impolicy=wowsmkqiema&w=260&h=260,$16.00,$16.00 / 1KG,4.8,278, Add to cart , Save to list 
"Woolworths Simply Roast Beef In Onion, Garlic & Red Wine 800g - 1.5kg",https://www.woolworths.com.au/shop/productdetails/250457/woolworths-simply-roast-beef-in-onion-garlic-red-wine,,https://assets.woolworths.com.au/images/1005/250457.jpg?impolicy=wowsmkqiema&w=260&h=260,$24.00,$16.00 / 1KG,4.3,361, Add to cart , Save to list 
Ingham's Turkey Breast Steaks 400g,https://www.woolworths.com.au/shop/productdetails/67739/ingham-s-turkey-breast-steaks,https://www.woolworths.com.au/content/promotiontags/roundel-special-200x200.png,https://assets.woolworths.com.au/images/1005/67739.jpg?impolicy=wowsmkqiema&w=260&h=260,$8.50,$21.25 / 1KG,,, Add to cart , Save to list 
Thawed Garlic Marinated Prawn Skewer Each,https://www.woolworths.com.au/shop/productdetails/67117/garlic-thawed-garlic-marinated-prawn-skewer,,https://assets.woolworths.com.au/images/1005/67117.jpg?impolicy=wowsmkqiema&w=260&h=260,$1.90,$1.90 / 1EA,,, Add to cart , Save to list 
Moira Mac's Oven Roasted Chicken Breast Shredded From The Deli Per Kg,https://www.woolworths.com.au/shop/productdetails/785788/moira-mac-s-oven-roasted-chicken-breast-shredded-from-the-deli,,https://assets.woolworths.com.au/images/1005/785788.jpg?impolicy=wowsmkqiema&w=260&h=260,$27.50,$27.50 / 1KG,,, Add to cart , Save to list 
Woolworths Salmon Portions Skin Off 2 Pack,https://www.woolworths.com.au/shop/productdetails/157053/woolworths-salmon-portions-skin-off,https://www.woolworths.com.au/content/promotiontags/supporting-aus-seafood-roundel-200x200.png,https://assets.woolworths.com.au/images/1005/157053.jpg?impolicy=wowsmkqiema&w=260&h=260,$13.00,$46.43 / 1KG,4.8,520, Add to cart , Save to list 
Woolworths Pork Leg Roast Boneless 1.2kg - 2.6kg,https://www.woolworths.com.au/shop/productdetails/764527/woolworths-pork-leg-roast-boneless-boneless-small,https://www.woolworths.com.au/content/promotiontags/australian-pork-roundel-200x200.png,https://assets.woolworths.com.au/images/1005/764527.jpg?impolicy=wowsmkqiema&w=260&h=260,$28.60,$11.00 / 1KG,5.0,45, Add to cart , Save to list 
Primo Chorizo 2 Pack,https://www.woolworths.com.au/shop/productdetails/328005/primo-chorizo-2-pack,https://www.woolworths.com.au/content/promotiontags/roundel-special-200x200.png,https://assets.woolworths.com.au/images/1005/328005.jpg?impolicy=wowsmkqiema&w=260&h=260,$6.80,$27.20 / 1KG,,, Add to cart , Save to list 
Goulburn River Trout Hot Smoked Rainbow Trout 350g,https://www.woolworths.com.au/shop/productdetails/708457/goulburn-river-trout-hot-smoked-rainbow-trout,https://www.woolworths.com.au/content/promotiontags/supporting-aus-seafood-roundel-200x200.png,https://assets.woolworths.com.au/images/1005/708457.jpg?impolicy=wowsmkqiema&w=260&h=260,$13.50,$38.57 / 1KG,,, Add to cart , Save to list 
Woolworths Lean Beef Mince 500g,https://www.woolworths.com.au/shop/productdetails/577861/woolworths-lean-beef-mince,https://www.woolworths.com.au/content/promotiontags/australian-beef-roundel-200x200.png,https://assets.woolworths.com.au/images/1005/577861.jpg?impolicy=wowsmkqiema&w=260&h=260,$9.50,$19.00 / 1KG,5.0,1, Add to cart , Save to list 
San Marino Danish Salami 100g,https://www.woolworths.com.au/shop/productdetails/807105/san-marino-danish-salami,,https://assets.woolworths.com.au/images/1005/807105.jpg?impolicy=wowsmkqiema&w=260&h=260,$7.50,$75.00 / 1KG,,, Add to cart , Save to list 
Primo Kransky Cheese From The Deli Per Kg,https://www.woolworths.com.au/shop/productdetails/217404/primo-kransky-cheese-from-the-deli,,https://assets.woolworths.com.au/images/1005/217404.jpg?impolicy=wowsmkqiema&w=260&h=260,$19.45,$19.45 / 1KG,,, Add to cart , Save to list 
Woolworths Loin Steaks Pork 500g,https://www.woolworths.com.au/shop/productdetails/829116/woolworths-loin-steaks-pork,https://www.woolworths.com.au/content/promotiontags/australian-pork-roundel-200x200.png,https://assets.woolworths.com.au/images/1005/829116.jpg?impolicy=wowsmkqiema&w=260&h=260,$10.00,$20.00 / 1KG,,, Add to cart , Save to list 
Woolworths Lean Pork Mince 500g,https://www.woolworths.com.au/shop/productdetails/582608/woolworths-lean-pork-mince,https://www.woolworths.com.au/content/promotiontags/australian-pork-roundel-200x200.png,https://assets.woolworths.com.au/images/1005/582608.jpg?impolicy=wowsmkqiema&w=260&h=260,$6.00,$12.00 / 1KG,4.7,1185, Add to cart , Save to list 
Macro Chicken Breast Fillets Free Range 570g - 1.1kg,https://www.woolworths.com.au/shop/productdetails/700228/macro-chicken-breast-fillets-free-range,https://www.woolworths.com.au/content/promotiontags/australian-chicken-roundel-200x200.png,https://assets.woolworths.com.au/images/1005/700228.jpg?impolicy=wowsmkqiema&w=260&h=260,$14.30,$13.00 / 1KG,4.8,920, Add to cart , Save to list 
Woolworths Creamy Potato Salad 800g,https://www.woolworths.com.au/shop/productdetails/793189/woolworths-creamy-potato-salad,,https://assets.woolworths.com.au/images/1005/793189.jpg?impolicy=wowsmkqiema&w=260&h=260,$7.00,$0.88 / 100G,3.8,336, Add to cart , Save to list 
Don Thin Frankfurts From The Deli Per Kg,https://www.woolworths.com.au/shop/productdetails/741872/don-thin-frankfurts-from-the-deli,https://www.woolworths.com.au/content/promotiontags/roundel-special-200x200.png,https://assets.woolworths.com.au/images/1005/741872.jpg?impolicy=wowsmkqiema&w=260&h=260,$7.30,$7.30 / 1KG,,, Add to cart , Save to list 
D'orsogna Ham Honey Leg Shaved 400g,https://www.woolworths.com.au/shop/productdetails/795982/d-orsogna-ham-honey-leg-shaved,https://www.woolworths.com.au/content/promotiontags/project-harvest-roundel-1-for-1-v2-200x200.png,https://assets.woolworths.com.au/images/1005/795982.jpg?impolicy=wowsmkqiema&w=260&h=260,$5.70,$14.25 / 1KG,,, Add to cart , Save to list 
Woolworths Lamb Leg Roast Half 750g - 1.6kg,https://www.woolworths.com.au/shop/productdetails/764968/woolworths-lamb-leg-roast-half,https://www.woolworths.com.au/content/promotiontags/roundel-special-200x200.png,https://assets.woolworths.com.au/images/1005/764968.jpg?impolicy=wowsmkqiema&w=260&h=260,$19.20,$12.00 / 1KG,1.0,2, Add to cart , Save to list 
Don Turkey Shaved 170g,https://www.woolworths.com.au/shop/productdetails/215330/don-turkey-shaved,https://www.woolworths.com.au/content/promotiontags/roundel-special-200x200.png,https://assets.woolworths.com.au/images/1005/215330.jpg?impolicy=wowsmkqiema&w=260&h=260,$5.50,$32.35 / 1KG,,, Add to cart , Save to list 
Primo Kransky Double Smoked From The Deli Per Kg,https://www.woolworths.com.au/shop/productdetails/40556/primo-kransky-double-smoked-from-the-deli,,https://assets.woolworths.com.au/images/1005/40556.jpg?impolicy=wowsmkqiema&w=260&h=260,$19.45,$19.45 / 1KG,,, Add to cart , Save to list 
Hans Devon Sliced Per Kg,https://www.woolworths.com.au/shop/productdetails/48527/hans-devon-sliced,,https://assets.woolworths.com.au/images/1005/48527.jpg?impolicy=wowsmkqiema&w=260&h=260,$9.60,$9.60 / 1KG,,, Add to cart , Save to list 
D'orsogna Triple Smoked Leg Ham 97% Fat Free Sliced From The Deli Per Kg,https://www.woolworths.com.au/shop/productdetails/162725/d-orsogna-triple-smoked-leg-ham-97-fat-free-sliced-from-the-deli,https://www.woolworths.com.au/content/promotiontags/roundel-special-200x200.png,https://assets.woolworths.com.au/images/1005/162725.jpg?impolicy=wowsmkqiema&w=260&h=260,$22.50,$22.50 / 1KG,,, Add to cart , Save to list 
Woolworths Bbq Lamb Kebabs With Mint & Honey 450g,https://www.woolworths.com.au/shop/productdetails/733123/woolworths-bbq-lamb-kebabs-with-mint-honey,https://www.woolworths.com.au/content/promotiontags/roundel-buy-more-save-more-200x200.png,https://assets.woolworths.com.au/images/1005/733123.jpg?impolicy=wowsmkqiema&w=260&h=260,$8.50,$18.89 / 1KG,3.9,857, Add to cart , Save to list 
Woolworths Heart Smart Veal Schnitzel 290g - 500g,https://www.woolworths.com.au/shop/productdetails/117766/woolworths-heart-smart-veal-schnitzel,,https://assets.woolworths.com.au/images/1005/117766.jpg?impolicy=wowsmkqiema&w=260&h=260,$17.50,$35.00 / 1KG,,, Add to cart , Save to list 
Woolworths Rspca Approved Chicken Stirfry 500g,https://www.woolworths.com.au/shop/productdetails/2841/woolworths-rspca-approved-chicken-stirfry,https://www.woolworths.com.au/content/promotiontags/australian-chicken-roundel-200x200.png,https://assets.woolworths.com.au/images/1005/2841.jpg?impolicy=wowsmkqiema&w=260&h=260,$9.00,$18.00 / 1KG,,, Add to cart , Save to list 
D'orsogna Chorizo From The Deli Per Kg,https://www.woolworths.com.au/shop/productdetails/199215/d-orsogna-chorizo-from-the-deli,https://www.woolworths.com.au/content/promotiontags/roundel-half-price-200x200.png,https://assets.woolworths.com.au/images/1005/199215.jpg?impolicy=wowsmkqiema&w=260&h=260,$12.00,$12.00 / 1KG,,, Add to cart , Save to list 
San Marino Sopressa Mild Salami 100g,https://www.woolworths.com.au/shop/productdetails/775759/san-marino-sopressa-mild-salami,,https://assets.woolworths.com.au/images/1005/775759.jpg?impolicy=wowsmkqiema&w=260&h=260,$7.50,$75.00 / 1KG,,, Add to cart , Save to list 
Woolworths Thawed Extra Large Cooked Tiger Prawns Per Kg,https://www.woolworths.com.au/shop/productdetails/46119/woolworths-thawed-extra-large-cooked-tiger-prawns,https://www.woolworths.com.au/content/promotiontags/roundel-special-200x200.png,https://assets.woolworths.com.au/images/1005/46119.jpg?impolicy=wowsmkqiema&w=260&h=260,$29.00,$29.00 / 1KG,4.0,1, Add to cart , Save to list 
Woolworths Creamy Pasta Salad 400g,https://www.woolworths.com.au/shop/productdetails/793193/woolworths-creamy-pasta-salad,,https://assets.woolworths.com.au/images/1005/793193.jpg?impolicy=wowsmkqiema&w=260&h=260,$5.50,$1.38 / 100G,,, Add to cart , Save to list 
Deli Leg Ham Shaved From The Deli Per Kg,https://www.woolworths.com.au/shop/productdetails/130276/deli-leg-ham-shaved-from-the-deli,,https://assets.woolworths.com.au/images/1005/130276.jpg?impolicy=wowsmkqiema&w=260&h=260,$18.00,$18.00 / 1KG,,, Add to cart , Save to list 
Ingham's Turkey Thigh Roast 950g - 1.2kg,https://www.woolworths.com.au/shop/productdetails/660745/ingham-s-turkey-thigh-roast,,https://assets.woolworths.com.au/images/1005/660745.jpg?impolicy=wowsmkqiema&w=260&h=260,,,,,, Save to list 
Ocean Blue Surimi Sea Sticks 150g,https://www.woolworths.com.au/shop/productdetails/766473/ocean-blue-surimi-sea-sticks,,https://assets.woolworths.com.au/images/1005/766473.jpg?impolicy=wowsmkqiema&w=260&h=260,$5.50,$36.67 / 1KG,,, Add to cart , Save to list 
Fitzco Home Style Chicken Burgers 500g,https://www.woolworths.com.au/shop/productdetails/873838/fitzco-home-style-chicken-burgers,,https://assets.woolworths.com.au/images/1005/873838.jpg?impolicy=wowsmkqiema&w=260&h=260,$6.20,$12.40 / 1KG,3.7,393, Add to cart , Save to list 
Woolworths Market Value Burgers 1kg,https://www.woolworths.com.au/shop/productdetails/764294/woolworths-market-value-burgers,https://www.woolworths.com.au/content/promotiontags/roundel-special-200x200.png,https://assets.woolworths.com.au/images/1005/764294.jpg?impolicy=wowsmkqiema&w=260&h=260,$10.00,$10.00 / 1KG,3.3,99, Add to cart , Save to list 
Chicken Wings Three Joint Per Kg,https://www.woolworths.com.au/shop/productdetails/23173/chicken-wings-three-joint,https://www.woolworths.com.au/content/promotiontags/roundel-special-200x200.png,https://assets.woolworths.com.au/images/1005/23173.jpg?impolicy=wowsmkqiema&w=260&h=260,$6.50,$6.50 / 1KG,,, Add to cart , Save to list 
Don Famous Football Hot Dogs Skinless 375g,https://www.woolworths.com.au/shop/productdetails/64013/don-famous-football-hot-dogs-skinless,,https://assets.woolworths.com.au/images/1005/64013.jpg?impolicy=wowsmkqiema&w=260&h=260,$6.00,$16.00 / 1KG,4.0,1, Add to cart , Save to list 
Chicken Wings Buffalo Per Kg,https://www.woolworths.com.au/shop/productdetails/749838/chicken-wings-buffalo,,https://assets.woolworths.com.au/images/1005/749838.jpg?impolicy=wowsmkqiema&w=260&h=260,$9.00,$9.00 / 1KG,,, Add to cart , Save to list 
Chicken Legs Drumsticks Per Kg,https://www.woolworths.com.au/shop/productdetails/23208/chicken-legs-drumsticks,https://www.woolworths.com.au/content/promotiontags/australian-chicken-roundel-200x200.png,https://assets.woolworths.com.au/images/1005/23208.jpg?impolicy=wowsmkqiema&w=260&h=260,$4.50,$4.50 / 1KG,,, Add to cart , Save to list 
Woolworths Corned Beef Silverside Portion 500g - 1.1kg,https://www.woolworths.com.au/shop/productdetails/756107/woolworths-corned-beef-silverside-portion,,https://assets.woolworths.com.au/images/1005/756107.jpg?impolicy=wowsmkqiema&w=260&h=260,$20.90,$19.00 / 1KG,3.8,226, Add to cart , Save to list 
Woolworths Rspca Approved Chicken Tenderloins Per Kg,https://www.woolworths.com.au/shop/productdetails/18578/woolworths-rspca-approved-chicken-tenderloins,https://www.woolworths.com.au/content/promotiontags/australian-chicken-roundel-200x200.png,https://assets.woolworths.com.au/images/1005/18578.jpg?impolicy=wowsmkqiema&w=260&h=260,$14.00,$14.00 / 1KG,,, Add to cart , Save to list 
Steggles Family Roast Chicken Whole 1.9kg - 3.1kg,https://www.woolworths.com.au/shop/productdetails/826675/steggles-family-roast-chicken-whole,,https://assets.woolworths.com.au/images/1005/826675.jpg?impolicy=wowsmkqiema&w=260&h=260,$20.15,$6.50 / 1KG,5.0,1, Add to cart , Save to list 
Woolworths Rspca Approved Chicken Breast Schnitzels 500g,https://www.woolworths.com.au/shop/productdetails/114253/woolworths-rspca-approved-chicken-breast-schnitzels,,https://assets.woolworths.com.au/images/1005/114253.jpg?impolicy=wowsmkqiema&w=260&h=260,$10.00,$20.00 / 1KG,,, Add to cart , Save to list 
Fresh Salmon Skin Off Bag And Bake Teriyaki Ginger Per Kg,https://www.woolworths.com.au/shop/productdetails/859129/fresh-salmon-skin-off-bag-and-bake-teriyaki-ginger,https://www.woolworths.com.au/content/promotiontags/supporting-aus-seafood-roundel-200x200.png,https://assets.woolworths.com.au/images/1005/859129.jpg?impolicy=wowsmkqiema&w=260&h=260,$36.00,$36.00 / 1KG,,, Add to cart , Save to list 
Woolworths 6 Pork Sausage Sautee Onion & Sage 500g,https://www.woolworths.com.au/shop/productdetails/162394/woolworths-6-pork-sausage-sautee-onion-sage,https://www.woolworths.com.au/content/promotiontags/roundel-buy-more-save-more-200x200.png,https://assets.woolworths.com.au/images/1005/162394.jpg?impolicy=wowsmkqiema&w=260&h=260,$8.00,$16.00 / 1KG,4.4,663, Add to cart , Save to list 
Woolworths Market Value Bbq Pack 8 Sausages & 4 Burgers 1kg,https://www.woolworths.com.au/shop/productdetails/563002/woolworths-market-value-bbq-pack-8-sausages-4-burgers,https://www.woolworths.com.au/content/promotiontags/roundel-special-200x200.png,https://assets.woolworths.com.au/images/1005/563002.jpg?impolicy=wowsmkqiema&w=260&h=260,$10.00,$10.00 / 1KG,,, Add to cart , Save to list 
San Marino Artisan Selection Platter 110g,https://www.woolworths.com.au/shop/productdetails/63990/san-marino-artisan-selection-platter,,https://assets.woolworths.com.au/images/1005/63990.jpg?impolicy=wowsmkqiema&w=260&h=260,$8.50,$77.27 / 1KG,,, Add to cart , Save to list 
Woolworths Pork & Beef Mince 500g,https://www.woolworths.com.au/shop/productdetails/239598/woolworths-pork-beef-mince,https://www.woolworths.com.au/content/promotiontags/australian-pork-roundel-200x200.png,https://assets.woolworths.com.au/images/1005/239598.jpg?impolicy=wowsmkqiema&w=260&h=260,$6.00,$12.00 / 1KG,,, Add to cart , Save to list 
Woolworths Cook Lamb Strips Souvlaki 500g,https://www.woolworths.com.au/shop/productdetails/699932/woolworths-cook-lamb-strips-souvlaki,,https://assets.woolworths.com.au/images/1005/699932.jpg?impolicy=wowsmkqiema&w=260&h=260,$14.00,$28.00 / 1KG,,, Add to cart , Save to list 
Woolworths Cook Asian Style Salmon Portions 325g,https://www.woolworths.com.au/shop/productdetails/811661/woolworths-cook-asian-style-salmon-portions,,https://assets.woolworths.com.au/images/1005/811661.jpg?impolicy=wowsmkqiema&w=260&h=260,,,4.1,555,, Save to list 
Ocean Chef Squid Salt & Pepper 360g,https://www.woolworths.com.au/shop/productdetails/772577/ocean-chef-squid-salt-pepper,,https://assets.woolworths.com.au/images/1005/772577.jpg?impolicy=wowsmkqiema&w=260&h=260,$6.00,$16.67 / 1KG,1.0,1, Add to cart , Save to list 
Woolworths Surimi Mix 1kg,https://www.woolworths.com.au/shop/productdetails/690880/woolworths-surimi-mix,https://www.woolworths.com.au/content/promotiontags/roundel-special-200x200.png,https://assets.woolworths.com.au/images/1005/690880.jpg?impolicy=wowsmkqiema&w=260&h=260,$6.50,$6.50 / 1KG,4.1,212, Add to cart , Save to list 
From The Deli Beretta Italian Prosciutto Di Parma Freshly Sliced Per Kg,https://www.woolworths.com.au/shop/productdetails/801197/from-the-deli-beretta-italian-prosciutto-di-parma-freshly-sliced,,https://assets.woolworths.com.au/images/1005/801197.jpg?impolicy=wowsmkqiema&w=260&h=260,$64.00,$64.00 / 1KG,,, Add to cart , Save to list 
Ocean Blue Ocean Trout Smoked 100g,https://www.woolworths.com.au/shop/productdetails/345351/ocean-blue-ocean-trout-smoked,,https://assets.woolworths.com.au/images/1005/345351.jpg?impolicy=wowsmkqiema&w=260&h=260,$7.80,$78.00 / 1KG,,, Add to cart , Save to list 
Bertocchi Premium Boneless Leg Ham Shaved From The Deli Per Kg,https://www.woolworths.com.au/shop/productdetails/353946/bertocchi-premium-boneless-leg-ham-shaved-from-the-deli,,https://assets.woolworths.com.au/images/1005/353946.jpg?impolicy=wowsmkqiema&w=260&h=260,$29.50,$29.50 / 1KG,,, Add to cart , Save to list 
Woolworths Freshwater Basa Fillets Thawed Per Kg,https://www.woolworths.com.au/shop/productdetails/87465/woolworths-freshwater-basa-fillets-thawed,,https://assets.woolworths.com.au/images/1005/87465.jpg?impolicy=wowsmkqiema&w=260&h=260,$11.00,$11.00 / 1KG,,, Add to cart , Save to list 
Mayfair Devon Slices 100g,https://www.woolworths.com.au/shop/productdetails/807898/mayfair-devon-slices,,https://assets.woolworths.com.au/images/1005/807898.jpg?impolicy=wowsmkqiema&w=260&h=260,$1.30,$13.00 / 1KG,,, Add to cart , Save to list 
San Marino Salami Soppressa Hot 100g,https://www.woolworths.com.au/shop/productdetails/868221/san-marino-salami-soppressa-hot,,https://assets.woolworths.com.au/images/1005/868221.jpg?impolicy=wowsmkqiema&w=260&h=260,$7.50,$75.00 / 1KG,,, Add to cart , Save to list 
D'orsogna Premium Ham Off The Bone Shaved From The Deli Per Kg,https://www.woolworths.com.au/shop/productdetails/937258/d-orsogna-premium-ham-off-the-bone-shaved-from-the-deli,https://www.woolworths.com.au/content/promotiontags/roundel-special-200x200.png,https://assets.woolworths.com.au/images/1005/937258.jpg?impolicy=wowsmkqiema&w=260&h=260,$29.00,$29.00 / 1KG,,, Add to cart , Save to list 
D'orsogna Diced Bacon Per Kg,https://www.woolworths.com.au/shop/productdetails/71860/d-orsogna-diced-bacon,https://www.woolworths.com.au/content/promotiontags/project-harvest-roundel-1-for-1-v2-200x200.png,https://assets.woolworths.com.au/images/1005/71860.jpg?impolicy=wowsmkqiema&w=260&h=260,$16.00,$16.00 / 1KG,,, Add to cart , Save to list 
Woolworths Market Value Chicken Rissoles With Cheese 500g,https://www.woolworths.com.au/shop/productdetails/401370/woolworths-market-value-chicken-rissoles-with-cheese,,https://assets.woolworths.com.au/images/1005/401370.jpg?impolicy=wowsmkqiema&w=260&h=260,,,2.9,160,, Save to list 
D'orsogna Tasty Sticks Peri Peri From The Deli Per Kg,https://www.woolworths.com.au/shop/productdetails/513370/d-orsogna-tasty-sticks-peri-peri-from-the-deli,https://www.woolworths.com.au/content/promotiontags/project-harvest-roundel-1-for-1-v2-200x200.png,https://assets.woolworths.com.au/images/1005/513370.jpg?impolicy=wowsmkqiema&w=260&h=260,$33.50,$33.50 / 1KG,,, Add to cart , Save to list 
Raw Prawn Meat 1kg,https://www.woolworths.com.au/shop/productdetails/666563/raw-prawn-meat,,https://assets.woolworths.com.au/images/1005/666563.jpg?impolicy=wowsmkqiema&w=260&h=260,$28.00,$28.00 / 1KG,,, Add to cart , Save to list 
Ocean Chef Squid Rings Panko 360g,https://www.woolworths.com.au/shop/productdetails/772620/ocean-chef-squid-rings-panko,,https://assets.woolworths.com.au/images/1005/772620.jpg?impolicy=wowsmkqiema&w=260&h=260,$6.00,$16.67 / 1KG,,, Add to cart , Save to list 
Woolworths Lamb Mince 500g,https://www.woolworths.com.au/shop/productdetails/582607/woolworths-lamb-mince,https://www.woolworths.com.au/content/promotiontags/australian-lamb-roundel-200x200.png,https://assets.woolworths.com.au/images/1005/582607.jpg?impolicy=wowsmkqiema&w=260&h=260,$7.50,$15.00 / 1KG,,, Add to cart , Save to list 
San Marino Prosciutto 100g,https://www.woolworths.com.au/shop/productdetails/775734/san-marino-prosciutto,,https://assets.woolworths.com.au/images/1005/775734.jpg?impolicy=wowsmkqiema&w=260&h=260,$7.50,$75.00 / 1KG,,, Add to cart , Save to list 
Woolworths Shortcut Bacon 1kg,https://www.woolworths.com.au/shop/productdetails/55375/woolworths-shortcut-bacon,,https://assets.woolworths.com.au/images/1005/55375.jpg?impolicy=wowsmkqiema&w=260&h=260,$10.25,$10.25 / 1KG,4.4,865, Add to cart , Save to list 
Petuna Atlantic Salmon Fillets 800g,https://www.woolworths.com.au/shop/productdetails/95875/petuna-atlantic-salmon-fillets,,https://assets.woolworths.com.au/images/1005/95875.jpg?impolicy=wowsmkqiema&w=260&h=260,$27.00,$33.75 / 1KG,,, Add to cart , Save to list 
Woolworths Classic Coleslaw 250g,https://www.woolworths.com.au/shop/productdetails/546843/woolworths-classic-coleslaw,,https://assets.woolworths.com.au/images/1005/546843.jpg?impolicy=wowsmkqiema&w=260&h=260,$3.80,$1.52 / 100G,4.0,669, Add to cart , Save to list 
Tibaldi Signature Ham Off The Bone 120g,https://www.woolworths.com.au/shop/productdetails/27566/tibaldi-signature-ham-off-the-bone,,https://assets.woolworths.com.au/images/1005/27566.jpg?impolicy=wowsmkqiema&w=260&h=260,$5.00,$41.67 / 1KG,,, Add to cart , Save to list 
Macro Free Range Chicken Breast Schnitzel 500g,https://www.woolworths.com.au/shop/productdetails/114251/macro-free-range-chicken-breast-schnitzel,https://www.woolworths.com.au/content/promotiontags/roundel-special-200x200.png,https://assets.woolworths.com.au/images/1005/114251.jpg?impolicy=wowsmkqiema&w=260&h=260,$10.00,$20.00 / 1KG,4.6,843, Add to cart , Save to list 
Ingham's Chicken Sliced Roll Per Kg,https://www.woolworths.com.au/shop/productdetails/30936/ingham-s-chicken-sliced-roll,,https://assets.woolworths.com.au/images/1005/30936.jpg?impolicy=wowsmkqiema&w=260&h=260,$15.00,$15.00 / 1KG,,, Add to cart , Save to list 
Macro Grass Fed Australian Beef Scotch Fillet 270g,https://www.woolworths.com.au/shop/productdetails/175593/macro-grass-fed-australian-beef-scotch-fillet,https://www.woolworths.com.au/content/promotiontags/roundel-special-200x200.png,https://assets.woolworths.com.au/images/1005/175593.jpg?impolicy=wowsmkqiema&w=260&h=260,$13.00,$48.15 / 1KG,4.9,354, Add to cart , Save to list 
Macro Chicken Thigh Fillets Free Range 380g - 750g,https://www.woolworths.com.au/shop/productdetails/184649/macro-chicken-thigh-fillets-free-range,https://www.woolworths.com.au/content/promotiontags/australian-chicken-roundel-200x200.png,https://assets.woolworths.com.au/images/1005/184649.jpg?impolicy=wowsmkqiema&w=260&h=260,$13.50,$18.00 / 1KG,4.5,596, Add to cart , Save to list 
D'orsogna Maple Glazed Streaky Bacon From The Deli Per Kg,https://www.woolworths.com.au/shop/productdetails/519549/d-orsogna-maple-glazed-streaky-bacon-from-the-deli,https://www.woolworths.com.au/content/promotiontags/project-harvest-roundel-1-for-1-v2-200x200.png,https://assets.woolworths.com.au/images/1005/519549.jpg?impolicy=wowsmkqiema&w=260&h=260,$19.00,$19.00 / 1KG,,, Add to cart , Save to list 
Bertocchi Chorizo Salami From The Deli Per Kg,https://www.woolworths.com.au/shop/productdetails/178067/bertocchi-chorizo-salami-from-the-deli,https://www.woolworths.com.au/content/promotiontags/roundel-special-200x200.png,https://assets.woolworths.com.au/images/1005/178067.jpg?impolicy=wowsmkqiema&w=260&h=260,$32.00,$32.00 / 1KG,,, Add to cart , Save to list 
Woolworths Cook Chicken Breast Steaks Lemon & Pepper 500g,https://www.woolworths.com.au/shop/productdetails/81621/woolworths-cook-chicken-breast-steaks-lemon-pepper,,https://assets.woolworths.com.au/images/1005/81621.jpg?impolicy=wowsmkqiema&w=260&h=260,$10.50,$21.00 / 1KG,4.3,536, Add to cart , Save to list 
D'orsogna Prosciutto 100g,https://www.woolworths.com.au/shop/productdetails/546295/d-orsogna-prosciutto,https://www.woolworths.com.au/content/promotiontags/project-harvest-roundel-1-for-1-v2-200x200.png,https://assets.woolworths.com.au/images/1005/546295.jpg?impolicy=wowsmkqiema&w=260&h=260,$7.00,$70.00 / 1KG,,, Add to cart , Save to list 
Noel Smoked Spanish Jamon Serrano Freshly Sliced From The Deli Per Kg,https://www.woolworths.com.au/shop/productdetails/800956/noel-smoked-spanish-jamon-serrano-freshly-sliced-from-the-deli,,https://assets.woolworths.com.au/images/1005/800956.jpg?impolicy=wowsmkqiema&w=260&h=260,$53.00,$53.00 / 1KG,,, Add to cart , Save to list 
D'orsogna Premium Ham Off The Bone Sliced From The Deli Per Kg,https://www.woolworths.com.au/shop/productdetails/935656/d-orsogna-premium-ham-off-the-bone-sliced-from-the-deli,https://www.woolworths.com.au/content/promotiontags/roundel-special-200x200.png,https://assets.woolworths.com.au/images/1005/935656.jpg?impolicy=wowsmkqiema&w=260&h=260,$29.00,$29.00 / 1KG,,, Add to cart , Save to list 
Woolworths Premium Roast Beef 97% Fat Free Sliced From The Deli Per Kg,https://www.woolworths.com.au/shop/productdetails/624299/woolworths-premium-roast-beef-97-fat-free-sliced-from-the-deli,,https://assets.woolworths.com.au/images/1005/624299.jpg?impolicy=wowsmkqiema&w=260&h=260,$35.00,$35.00 / 1KG,4.0,85, Add to cart , Save to list 
Woolworths Chicken Mince 500g,https://www.woolworths.com.au/shop/productdetails/360563/woolworths-chicken-mince,https://www.woolworths.com.au/content/promotiontags/australian-chicken-roundel-200x200.png,https://assets.woolworths.com.au/images/1005/360563.jpg?impolicy=wowsmkqiema&w=260&h=260,$5.50,$11.00 / 1KG,,, Add to cart , Save to list 
Riverland Triple Smoked Ham Shaved 100g,https://www.woolworths.com.au/shop/productdetails/696171/riverland-triple-smoked-ham-shaved,,https://assets.woolworths.com.au/images/1005/696171.jpg?impolicy=wowsmkqiema&w=260&h=260,,,,,, Save to list 
Woolworths Cook Roast Beef With Onion & Garlic Gravy 500g,https://www.woolworths.com.au/shop/productdetails/428204/woolworths-cook-roast-beef-with-onion-garlic-gravy,,https://assets.woolworths.com.au/images/1005/428204.jpg?impolicy=wowsmkqiema&w=260&h=260,,,4.4,366,, Save to list 
Ocean Chef Usa Sea Scallops 425g,https://www.woolworths.com.au/shop/productdetails/727050/ocean-chef-usa-sea-scallops,,https://assets.woolworths.com.au/images/1005/727050.jpg?impolicy=wowsmkqiema&w=260&h=260,$26.00,$61.18 / 1KG,,, Add to cart , Save to list 
Woolworths Short Cut Bacon 200g,https://www.woolworths.com.au/shop/productdetails/509865/woolworths-short-cut-bacon,,https://assets.woolworths.com.au/images/1005/509865.jpg?impolicy=wowsmkqiema&w=260&h=260,$3.80,$19.00 / 1KG,4.5,532, Add to cart , Save to list 
Deli Leg Ham Sliced From The Deli Per Kg,https://www.woolworths.com.au/shop/productdetails/129712/deli-leg-ham-sliced-from-the-deli,,https://assets.woolworths.com.au/images/1005/129712.jpg?impolicy=wowsmkqiema&w=260&h=260,$18.00,$18.00 / 1KG,,, Add to cart , Save to list 
Woolworths Creamy Potato Salad 400g,https://www.woolworths.com.au/shop/productdetails/793191/woolworths-creamy-potato-salad,,https://assets.woolworths.com.au/images/1005/793191.jpg?impolicy=wowsmkqiema&w=260&h=260,$5.50,$1.38 / 100G,4.0,614, Add to cart , Save to list 
Woolworths Pork Mince 800g,https://www.woolworths.com.au/shop/productdetails/169853/woolworths-pork-mince,https://www.woolworths.com.au/content/promotiontags/australian-pork-roundel-200x200.png,https://assets.woolworths.com.au/images/1005/169853.jpg?impolicy=wowsmkqiema&w=260&h=260,$7.00,$8.75 / 1KG,4.8,255, Add to cart , Save to list 
Macro Grass Fed Beef Sausage 500g,https://www.woolworths.com.au/shop/productdetails/175566/macro-grass-fed-beef-sausage,,https://assets.woolworths.com.au/images/1005/175566.jpg?impolicy=wowsmkqiema&w=260&h=260,$8.00,$16.00 / 1KG,3.2,64, Add to cart , Save to list 
Macro Whole Chicken Free Range 1.1kg - 2.25kg,https://www.woolworths.com.au/shop/productdetails/184653/macro-whole-chicken-free-range,https://www.woolworths.com.au/content/promotiontags/australian-chicken-roundel-200x200.png,https://assets.woolworths.com.au/images/1005/184653.jpg?impolicy=wowsmkqiema&w=260&h=260,$14.63,$6.50 / 1KG,4.7,116, Add to cart , Save to list 
Don Donskis Mild 40g,https://www.woolworths.com.au/shop/productdetails/542772/don-donskis-mild,,https://assets.woolworths.com.au/images/1005/542772.jpg?impolicy=wowsmkqiema&w=260&h=260,$3.00,$75.00 / 1KG,,, Add to cart , Save to list 
Don Shredded Ham Per Kg,https://www.woolworths.com.au/shop/productdetails/436463/don-shredded-ham,,https://assets.woolworths.com.au/images/1005/436463.jpg?impolicy=wowsmkqiema&w=260&h=260,$20.00,$20.00 / 1KG,,, Add to cart , Save to list 
De Costi Salt & Pepper Squid 270g,https://www.woolworths.com.au/shop/productdetails/347508/de-costi-salt-pepper-squid,,https://assets.woolworths.com.au/images/1005/347508.jpg?impolicy=wowsmkqiema&w=260&h=260,$9.00,$33.33 / 1KG,,, Add to cart , Save to list 
Macro Free Range Chicken Schnitzel 350g,https://www.woolworths.com.au/shop/productdetails/160857/macro-free-range-chicken-schnitzel,,https://assets.woolworths.com.au/images/1005/160857.jpg?impolicy=wowsmkqiema&w=260&h=260,$9.50,$2.71 / 100G,4.6,97, Add to cart , Save to list 
Thomas Dux Truffle Salami 80g,https://www.woolworths.com.au/shop/productdetails/153948/thomas-dux-truffle-salami,https://www.woolworths.com.au/content/promotiontags/2022-silver-medal-roundel.png,https://assets.woolworths.com.au/images/1005/153948.jpg?impolicy=wowsmkqiema&w=260&h=260,$6.00,$75.00 / 1KG,3.8,314, Add to cart , Save to list 
Raw Prawns Tiger Extra Large Per Kg,https://www.woolworths.com.au/shop/productdetails/786199/raw-prawns-tiger-extra-large,https://www.woolworths.com.au/content/promotiontags/roundel-special-200x200.png,https://assets.woolworths.com.au/images/1005/786199.jpg?impolicy=wowsmkqiema&w=260&h=260,$25.00,$25.00 / 1KG,,, Add to cart , Save to list 
Thawed Imported Raw Prawns Per Kg,https://www.woolworths.com.au/shop/productdetails/120419/thawed-imported-raw-prawns,,https://assets.woolworths.com.au/images/1005/120419.jpg?impolicy=wowsmkqiema&w=260&h=260,$30.00,$30.00 / 1KG,,, Add to cart , Save to list 
Woolworths Cook Chicken Breast Steaks Sweet Soy Bbq 500g,https://www.woolworths.com.au/shop/productdetails/81632/woolworths-cook-chicken-breast-steaks-sweet-soy-bbq,,https://assets.woolworths.com.au/images/1005/81632.jpg?impolicy=wowsmkqiema&w=260&h=260,$10.50,$21.00 / 1KG,4.4,576, Add to cart , Save to list 
Hans Pepperoni Hot Rocket 15g,https://www.woolworths.com.au/shop/productdetails/48688/hans-pepperoni-hot-rocket,https://www.woolworths.com.au/content/promotiontags/roundel-special-200x200.png,https://assets.woolworths.com.au/images/1005/48688.jpg?impolicy=wowsmkqiema&w=260&h=260,$0.95,$63.33 / 1KG,,, Add to cart , Save to list 
Woolworths Classic Coleslaw 400g,https://www.woolworths.com.au/shop/productdetails/382779/woolworths-classic-coleslaw,,https://assets.woolworths.com.au/images/1005/382779.jpg?impolicy=wowsmkqiema&w=260&h=260,$5.50,$1.38 / 100G,4.1,423, Add to cart , Save to list 
Woolworths Rspca Approved Chicken Breast Fillet 1.4kg - 1.7kg,https://www.woolworths.com.au/shop/productdetails/969723/woolworths-rspca-approved-chicken-breast-fillet,https://www.woolworths.com.au/content/promotiontags/australian-chicken-roundel-200x200.png,https://assets.woolworths.com.au/images/1005/969723.jpg?impolicy=wowsmkqiema&w=260&h=260,$18.70,$11.00 / 1KG,1.0,1, Add to cart , Save to list 
Macro Chicken Breast Fillets Free Range 410g - 900g,https://www.woolworths.com.au/shop/productdetails/184628/macro-chicken-breast-fillets-free-range,https://www.woolworths.com.au/content/promotiontags/australian-chicken-roundel-200x200.png,https://assets.woolworths.com.au/images/1005/184628.jpg?impolicy=wowsmkqiema&w=260&h=260,$15.30,$17.00 / 1KG,4.7,285, Add to cart , Save to list 
Woolworths Brie 125g,https://www.woolworths.com.au/shop/productdetails/452080/woolworths-brie,,https://assets.woolworths.com.au/images/1005/452080.jpg?impolicy=wowsmkqiema&w=260&h=260,$3.00,$24.00 / 1KG,,, Add to cart , Save to list 
San Marino Snackertaining Mild Salami & Mozzarella 100g,https://www.woolworths.com.au/shop/productdetails/140878/san-marino-snackertaining-mild-salami-mozzarella,,https://assets.woolworths.com.au/images/1005/140878.jpg?impolicy=wowsmkqiema&w=260&h=260,$8.00,$80.00 / 1KG,,, Add to cart , Save to list 
Woolworths Lamb Rump Steak Medium 400g - 600g,https://www.woolworths.com.au/shop/productdetails/675643/woolworths-lamb-rump-steak-medium,,https://assets.woolworths.com.au/images/1005/675643.jpg?impolicy=wowsmkqiema&w=260&h=260,,,4.4,52,, Save to list 
Woolworths Fresh Snapper Saddletail Fillets Per Kg,https://www.woolworths.com.au/shop/productdetails/84045/woolworths-fresh-snapper-saddletail-fillets,,https://assets.woolworths.com.au/images/1005/84045.jpg?impolicy=wowsmkqiema&w=260&h=260,,,,,, Save to list 
Woolworths Rspca Approved Fresh Chicken Thigh Fillets Skinless Tray 1.3kg - 2kg,https://www.woolworths.com.au/shop/productdetails/727622/woolworths-rspca-approved-fresh-chicken-thigh-fillets-skinless-tray,https://www.woolworths.com.au/content/promotiontags/australian-chicken-roundel-200x200.png,https://assets.woolworths.com.au/images/1005/727622.jpg?impolicy=wowsmkqiema&w=260&h=260,$27.00,$13.50 / 1KG,,, Add to cart , Save to list 
San Marino Spanish Serrano 100g,https://www.woolworths.com.au/shop/productdetails/775724/san-marino-spanish-serrano,,https://assets.woolworths.com.au/images/1005/775724.jpg?impolicy=wowsmkqiema&w=260&h=260,$7.50,$75.00 / 1KG,,, Add to cart , Save to list 
Woolworths Creamy Pasta Salad 110g,https://www.woolworths.com.au/shop/productdetails/793415/woolworths-creamy-pasta-salad,,https://assets.woolworths.com.au/images/1005/793415.jpg?impolicy=wowsmkqiema&w=260&h=260,$2.80,$2.55 / 100G,4.2,472, Add to cart , Save to list 
Woolworths Rspca Approved Chicken Kebab Lemon & Garlic Each,https://www.woolworths.com.au/shop/productdetails/751027/woolworths-rspca-approved-chicken-kebab-lemon-garlic,https://www.woolworths.com.au/content/promotiontags/roundel-special-200x200.png,https://assets.woolworths.com.au/images/1005/751027.jpg?impolicy=wowsmkqiema&w=260&h=260,$1.00,$1.00 / 1EA,,, Add to cart , Save to list 
Just Caught Frozen Natural Squid Rings 500g,https://www.woolworths.com.au/shop/productdetails/187172/just-caught-frozen-natural-squid-rings,,https://assets.woolworths.com.au/images/1005/187172.jpg?impolicy=wowsmkqiema&w=260&h=260,$8.70,$17.40 / 1KG,,, Add to cart , Save to list 
Woolworths Olives Pitted Mediterranean Per Kg,https://www.woolworths.com.au/shop/productdetails/439703/woolworths-olives-pitted-mediterranean,,https://assets.woolworths.com.au/images/1005/439703.jpg?impolicy=wowsmkqiema&w=260&h=260,$24.00,$24.00 / 1KG,4.5,550, Add to cart , Save to list 
Woolworths Middle Bacon 1kg,https://www.woolworths.com.au/shop/productdetails/48358/woolworths-middle-bacon-middle-rashers,,https://assets.woolworths.com.au/images/1005/48358.jpg?impolicy=wowsmkqiema&w=260&h=260,$10.25,$10.25 / 1KG,4.3,570, Add to cart , Save to list 
Primo Cocktail Frankfurts Cocktail 1kg,https://www.woolworths.com.au/shop/productdetails/185410/primo-cocktail-frankfurts-cocktail,,https://assets.woolworths.com.au/images/1005/185410.jpg?impolicy=wowsmkqiema&w=260&h=260,$7.40,$7.40 / 1KG,,, Add to cart , Save to list 
Woolworths Semi Dried Tomatoes Mediterranean Herbs Per Kg,https://www.woolworths.com.au/shop/productdetails/477040/woolworths-semi-dried-tomatoes-mediterranean-herbs,,https://assets.woolworths.com.au/images/1005/477040.jpg?impolicy=wowsmkqiema&w=260&h=260,$28.00,$28.00 / 1KG,4.5,487, Add to cart , Save to list 
Woolworths Cook Chicken Kebab Honey Soy 750g,https://www.woolworths.com.au/shop/productdetails/629441/woolworths-cook-chicken-kebab-honey-soy,,https://assets.woolworths.com.au/images/1005/629441.jpg?impolicy=wowsmkqiema&w=260&h=260,$10.50,$14.00 / 1KG,,, Add to cart , Save to list 
Woolworths Cook Chicken Breast Steaks Chilli Garlic & Rosemary 500g,https://www.woolworths.com.au/shop/productdetails/81633/woolworths-cook-chicken-breast-steaks-chilli-garlic-rosemary,,https://assets.woolworths.com.au/images/1005/81633.jpg?impolicy=wowsmkqiema&w=260&h=260,,,4.4,549,, Save to list 
Woolworths Fresh Large Tiger Prawn Per Kg,https://www.woolworths.com.au/shop/productdetails/63226/woolworths-fresh-large-tiger-prawn,https://www.woolworths.com.au/content/promotiontags/roundel-special-200x200.png,https://assets.woolworths.com.au/images/1005/63226.jpg?impolicy=wowsmkqiema&w=260&h=260,$29.00,$29.00 / 1KG,,, Add to cart , Save to list 
Chicken Necks Fresh Per Kg,https://www.woolworths.com.au/shop/productdetails/617010/chicken-necks-fresh,https://www.woolworths.com.au/content/promotiontags/australian-chicken-roundel-200x200.png,https://assets.woolworths.com.au/images/1005/617010.jpg?impolicy=wowsmkqiema&w=260&h=260,$4.80,$4.80 / 1KG,,, Add to cart , Save to list 
Riverland Englsh Style Ham Shaved 100g,https://www.woolworths.com.au/shop/productdetails/696028/riverland-englsh-style-ham-shaved,,https://assets.woolworths.com.au/images/1005/696028.jpg?impolicy=wowsmkqiema&w=260&h=260,$2.10,$21.00 / 1KG,,, Add to cart , Save to list 
Woolworths Cook Pork Loin Roast With Herbs & Spices 500g - 750g,https://www.woolworths.com.au/shop/productdetails/83532/woolworths-cook-pork-loin-roast-with-herbs-spices,https://www.woolworths.com.au/content/promotiontags/roundel-special-200x200.png,https://assets.woolworths.com.au/images/1005/83532.jpg?impolicy=wowsmkqiema&w=260&h=260,$16.50,$22.00 / 1KG,4.5,449, Add to cart , Save to list 
Birch & Waite Parsley Dill & Tarragon Seafood Sauce 250ml,https://www.woolworths.com.au/shop/productdetails/841741/birch-waite-parsley-dill-tarragon-seafood-sauce,,https://assets.woolworths.com.au/images/1005/841741.jpg?impolicy=wowsmkqiema&w=260&h=260,$5.25,$2.10 / 100ML,,, Add to cart , Save to list 
Woolworths Australian Rare Roast Beef Sliced From The Deli Per Kg,https://www.woolworths.com.au/shop/productdetails/765665/woolworths-australian-rare-roast-beef-sliced-from-the-deli,https://www.woolworths.com.au/content/promotiontags/syd-royal-gold-2016-roundel.png,https://assets.woolworths.com.au/images/1005/765665.jpg?impolicy=wowsmkqiema&w=260&h=260,$38.00,$38.00 / 1KG,3.5,233, Add to cart , Save to list 
Woolworths Cook Slow Cooked Pork Ribs In Smokey Bbq Sauce 650g,https://www.woolworths.com.au/shop/productdetails/697369/woolworths-cook-slow-cooked-pork-ribs-in-smokey-bbq-sauce,,https://assets.woolworths.com.au/images/1005/697369.jpg?impolicy=wowsmkqiema&w=260&h=260,$14.00,$21.54 / 1KG,4.5,437, Add to cart , Save to list 
Riverland Chicken Shaved 80g,https://www.woolworths.com.au/shop/productdetails/696172/riverland-chicken-shaved,,https://assets.woolworths.com.au/images/1005/696172.jpg?impolicy=wowsmkqiema&w=260&h=260,$2.10,$26.25 / 1KG,,, Add to cart , Save to list 
Thawed Marinated Garlic Prawn Per Kg,https://www.woolworths.com.au/shop/productdetails/91597/thawed-marinated-garlic-prawn,,https://assets.woolworths.com.au/images/1005/91597.jpg?impolicy=wowsmkqiema&w=260&h=260,$33.00,$33.00 / 1KG,,, Add to cart , Save to list 
Woolworths Cook Beef Rump Mini Roast With Mustard & Herbs 350g - 650g,https://www.woolworths.com.au/shop/productdetails/135622/woolworths-cook-beef-rump-mini-roast-with-mustard-herbs,,https://assets.woolworths.com.au/images/1005/135622.jpg?impolicy=wowsmkqiema&w=260&h=260,,,4.3,302,, Save to list 
Woolworths Roasted Garlic Chicken Tenderloins 400g,https://www.woolworths.com.au/shop/productdetails/164677/woolworths-roasted-garlic-chicken-tenderloins,https://www.woolworths.com.au/content/promotiontags/roundel-buy-more-save-more-200x200.png,https://assets.woolworths.com.au/images/1005/164677.jpg?impolicy=wowsmkqiema&w=260&h=260,$9.00,$22.50 / 1KG,4.5,882, Add to cart , Save to list 
Bertocchi Double Smoked Ham Off The Bone Freshly Shaved From The Deli Per Kg,https://www.woolworths.com.au/shop/productdetails/347074/bertocchi-double-smoked-ham-off-the-bone-freshly-shaved-from-the-deli,https://www.woolworths.com.au/content/promotiontags/syd-royal-champion-2016-roundel.png,https://assets.woolworths.com.au/images/1005/347074.jpg?impolicy=wowsmkqiema&w=260&h=260,$34.00,$34.00 / 1KG,,, Add to cart , Save to list 
Perfect Italiano Extra Sharp Grated Parmesan 125g,https://www.woolworths.com.au/shop/productdetails/302306/perfect-italiano-extra-sharp-grated-parmesan,,https://assets.woolworths.com.au/images/1005/302306.jpg?impolicy=wowsmkqiema&w=260&h=260,$4.00,$32.00 / 1KG,,, Add to cart , Save to list 
Ingham's Chicken Breast Supreme Shaved From The Deli Per Kg,https://www.woolworths.com.au/shop/productdetails/98431/ingham-s-chicken-breast-supreme-shaved-from-the-deli,,https://assets.woolworths.com.au/images/1005/98431.jpg?impolicy=wowsmkqiema&w=260&h=260,$20.00,$20.00 / 1KG,,, Add to cart , Save to list 
D'orsogna Roast Chicken 320g,https://www.woolworths.com.au/shop/productdetails/858574/d-orsogna-roast-chicken,https://www.woolworths.com.au/content/promotiontags/project-harvest-roundel-1-for-1-v2-200x200.png,https://assets.woolworths.com.au/images/1005/858574.jpg?impolicy=wowsmkqiema&w=260&h=260,$5.80,$18.13 / 1KG,,, Add to cart , Save to list 
Primo Ham Double Smoked 100g,https://www.woolworths.com.au/shop/productdetails/544760/primo-ham-double-smoked,https://www.woolworths.com.au/content/promotiontags/roundel-buy-more-save-more-200x200.png,https://assets.woolworths.com.au/images/1005/544760.jpg?impolicy=wowsmkqiema&w=260&h=260,$3.70,$37.00 / 1KG,,, Add to cart , Save to list 
Woolworths Classic Coleslaw 110g,https://www.woolworths.com.au/shop/productdetails/793406/woolworths-classic-coleslaw,,https://assets.woolworths.com.au/images/1005/793406.jpg?impolicy=wowsmkqiema&w=260&h=260,$2.80,$2.55 / 100G,4.2,456, Add to cart , Save to list 
Macro Grass Fed Australian Beef Mince 500g,https://www.woolworths.com.au/shop/productdetails/175570/macro-grass-fed-australian-beef-mince,,https://assets.woolworths.com.au/images/1005/175570.jpg?impolicy=wowsmkqiema&w=260&h=260,,,4.6,281,, Save to list 
Woolworths Bbq Chicken Burgers Zucchini & Parmesan 450g,https://www.woolworths.com.au/shop/productdetails/104334/woolworths-bbq-chicken-burgers-zucchini-parmesan,https://www.woolworths.com.au/content/promotiontags/roundel-buy-more-save-more-200x200.png,https://assets.woolworths.com.au/images/1005/104334.jpg?impolicy=wowsmkqiema&w=260&h=260,$9.00,$20.00 / 1KG,4.3,548, Add to cart , Save to list 
Don Champagne Thinly Sliced Leg Ham 250g,https://www.woolworths.com.au/shop/productdetails/710520/don-champagne-thinly-sliced-leg-ham,https://www.woolworths.com.au/content/promotiontags/roundel-special-200x200.png,https://assets.woolworths.com.au/images/1005/710520.jpg?impolicy=wowsmkqiema&w=260&h=260,$5.50,$22.00 / 1KG,5.0,1, Add to cart , Save to list 
Woolworths Greek Salad Kit 500g,https://www.woolworths.com.au/shop/productdetails/25920/woolworths-greek-salad-kit,,https://assets.woolworths.com.au/images/1005/25920.jpg?impolicy=wowsmkqiema&w=260&h=260,$9.50,$1.90 / 100G,4.5,13, Add to cart , Save to list 
Woolworths Shredded Parmesan Cheese 250g,https://www.woolworths.com.au/shop/productdetails/85587/woolworths-shredded-parmesan-cheese,,https://assets.woolworths.com.au/images/1005/85587.jpg?impolicy=wowsmkqiema&w=260&h=260,$6.30,$25.20 / 1KG,4.6,347, Add to cart , Save to list 
Woolworths Honey Mustard Pasta Salad 400g,https://www.woolworths.com.au/shop/productdetails/25845/woolworths-honey-mustard-pasta-salad,,https://assets.woolworths.com.au/images/1005/25845.jpg?impolicy=wowsmkqiema&w=260&h=260,$5.80,$1.45 / 100G,3.5,505, Add to cart , Save to list 
Woolworths Lamb Easy Carve Leg Roast 900g - 1.4kg,https://www.woolworths.com.au/shop/productdetails/200152/woolworths-lamb-easy-carve-leg-roast,https://www.woolworths.com.au/content/promotiontags/australian-lamb-roundel-200x200.png,https://assets.woolworths.com.au/images/1005/200152.jpg?impolicy=wowsmkqiema&w=260&h=260,$28.00,$20.00 / 1KG,,, Add to cart , Save to list 
Primo Cabanossi 300g,https://www.woolworths.com.au/shop/productdetails/545880/primo-cabanossi,,https://assets.woolworths.com.au/images/1005/545880.jpg?impolicy=wowsmkqiema&w=260&h=260,$6.30,$21.00 / 1KG,4.0,1, Add to cart , Save to list 
Old El Paso Gluten Free Taco Spice Mix Mild 30g,https://www.woolworths.com.au/shop/productdetails/229703/old-el-paso-gluten-free-taco-spice-mix-mild,https://www.woolworths.com.au/content/promotiontags/roundel-special-200x200.png,https://assets.woolworths.com.au/images/1005/229703.jpg?impolicy=wowsmkqiema&w=260&h=260,$2.45,$8.17 / 100G,,, Add to cart , Save to list 
Just Caught Raw Prawn Meat 300g,https://www.woolworths.com.au/shop/productdetails/62050/just-caught-raw-prawn-meat,,https://assets.woolworths.com.au/images/1005/62050.jpg?impolicy=wowsmkqiema&w=260&h=260,,,,,, Save to list 
Woolworths Moisture Infused Topside Roast Beef 600g - 2kg,https://www.woolworths.com.au/shop/productdetails/185268/woolworths-moisture-infused-topside-roast-beef,,https://assets.woolworths.com.au/images/1005/185268.jpg?impolicy=wowsmkqiema&w=260&h=260,$36.00,$18.00 / 1KG,4.6,98, Add to cart , Save to list 
Woolworths Rspca Approved Chicken Kebab Honey Soy Each,https://www.woolworths.com.au/shop/productdetails/742211/woolworths-rspca-approved-chicken-kebab-honey-soy,https://www.woolworths.com.au/content/promotiontags/roundel-special-200x200.png,https://assets.woolworths.com.au/images/1005/742211.jpg?impolicy=wowsmkqiema&w=260&h=260,$1.00,$1.00 / 1EA,4.2,5, Add to cart , Save to list 
Perfect Italiano Shredded Parmesan 125g,https://www.woolworths.com.au/shop/productdetails/42161/perfect-italiano-shredded-parmesan,,https://assets.woolworths.com.au/images/1005/42161.jpg?impolicy=wowsmkqiema&w=260&h=260,$4.00,$32.00 / 1KG,,, Add to cart , Save to list 
Just Caught Whiting Fillets Skin On 1kg,https://www.woolworths.com.au/shop/productdetails/346571/just-caught-whiting-fillets-skin-on,,https://assets.woolworths.com.au/images/1005/346571.jpg?impolicy=wowsmkqiema&w=260&h=260,$12.00,$12.00 / 1KG,,, Add to cart , Save to list 
Primo English Ham 100g,https://www.woolworths.com.au/shop/productdetails/544696/primo-english-ham,https://www.woolworths.com.au/content/promotiontags/roundel-buy-more-save-more-200x200.png,https://assets.woolworths.com.au/images/1005/544696.jpg?impolicy=wowsmkqiema&w=260&h=260,$3.70,$37.00 / 1KG,4.0,1, Add to cart , Save to list 
D'orsogna Deli Fresh Ham Premium Leg 100g,https://www.woolworths.com.au/shop/productdetails/758125/d-orsogna-deli-fresh-ham-premium-leg,https://www.woolworths.com.au/content/promotiontags/project-harvest-roundel-1-for-1-v2-200x200.png,https://assets.woolworths.com.au/images/1005/758125.jpg?impolicy=wowsmkqiema&w=260&h=260,$4.00,$40.00 / 1KG,,, Add to cart , Save to list 
Woolworths Basil Pesto Pasta Salad Kit 500g,https://www.woolworths.com.au/shop/productdetails/25919/woolworths-basil-pesto-pasta-salad-kit,,https://assets.woolworths.com.au/images/1005/25919.jpg?impolicy=wowsmkqiema&w=260&h=260,$9.50,$1.90 / 100G,4.3,445, Add to cart , Save to list 
Ocean Chef Fish King Snapper Portions 1kg,https://www.woolworths.com.au/shop/productdetails/794638/ocean-chef-fish-king-snapper-portions,,https://assets.woolworths.com.au/images/1005/794638.jpg?impolicy=wowsmkqiema&w=260&h=260,$26.00,$26.00 / 1KG,,, Add to cart , Save to list 
Perfect Italiano Parmesan Block 200g,https://www.woolworths.com.au/shop/productdetails/807868/perfect-italiano-parmesan-block,,https://assets.woolworths.com.au/images/1005/807868.jpg?impolicy=wowsmkqiema&w=260&h=260,$7.00,$35.00 / 1KG,,, Add to cart , Save to list 
De Costi Whiting Fillets Crumbed 275g,https://www.woolworths.com.au/shop/productdetails/360768/de-costi-whiting-fillets-crumbed,,https://assets.woolworths.com.au/images/1005/360768.jpg?impolicy=wowsmkqiema&w=260&h=260,$11.00,$40.00 / 1KG,,, Add to cart , Save to list 
Riverland Honey Ham Shaved 100g,https://www.woolworths.com.au/shop/productdetails/696181/riverland-honey-ham-shaved,,https://assets.woolworths.com.au/images/1005/696181.jpg?impolicy=wowsmkqiema&w=260&h=260,$2.10,$21.00 / 1KG,,, Add to cart , Save to list 
Woolworths Olives Kalamata Greek Pitted Per Kg,https://www.woolworths.com.au/shop/productdetails/56126/woolworths-olives-kalamata-greek-pitted,,https://assets.woolworths.com.au/images/1005/56126.jpg?impolicy=wowsmkqiema&w=260&h=260,$24.00,$24.00 / 1KG,4.4,427, Add to cart , Save to list 
Woolworths Camembert Cheese 125g,https://www.woolworths.com.au/shop/productdetails/452082/woolworths-camembert-cheese,,https://assets.woolworths.com.au/images/1005/452082.jpg?impolicy=wowsmkqiema&w=260&h=260,$3.00,$24.00 / 1KG,4.5,1039, Add to cart , Save to list 
Woolworths Stuffed Boneless Chicken Kyiv 700g,https://www.woolworths.com.au/shop/productdetails/134032/woolworths-stuffed-boneless-chicken-kyiv,,https://assets.woolworths.com.au/images/1005/134032.jpg?impolicy=wowsmkqiema&w=260&h=260,$9.50,$13.57 / 1KG,3.9,980, Add to cart , Save to list 
Woolworths Regular Chicken Breast Schnitzel Each,https://www.woolworths.com.au/shop/productdetails/762303/woolworths-regular-chicken-breast-schnitzel,,https://assets.woolworths.com.au/images/1005/762303.jpg?impolicy=wowsmkqiema&w=260&h=260,,,,,, Save to list 
D'orsogna Bacon Streaky 200g,https://www.woolworths.com.au/shop/productdetails/763087/d-orsogna-bacon-streaky,https://www.woolworths.com.au/content/promotiontags/project-harvest-roundel-1-for-1-v2-200x200.png,https://assets.woolworths.com.au/images/1005/763087.jpg?impolicy=wowsmkqiema&w=260&h=260,$7.00,$35.00 / 1KG,,, Add to cart , Save to list 
Woolworths Cook Classic Beef Sausage Rolls With Poppy Seed Topping 600g,https://www.woolworths.com.au/shop/productdetails/135463/woolworths-cook-classic-beef-sausage-rolls-with-poppy-seed-topping,,https://assets.woolworths.com.au/images/1005/135463.jpg?impolicy=wowsmkqiema&w=260&h=260,$9.00,$15.00 / 1KG,3.6,562, Add to cart , Save to list 
Tassal Tassie Salmon Burgers 4 Pack,https://www.woolworths.com.au/shop/productdetails/177965/tassal-tassie-salmon-burgers,,https://assets.woolworths.com.au/images/1005/177965.jpg?impolicy=wowsmkqiema&w=260&h=260,$11.00,$27.50 / 1KG,,, Add to cart , Save to list 
Zanetti Pecorino Romano 200g,https://www.woolworths.com.au/shop/productdetails/406591/zanetti-pecorino-romano,,https://assets.woolworths.com.au/images/1005/406591.jpg?impolicy=wowsmkqiema&w=260&h=260,$11.00,$55.00 / 1KG,,, Add to cart , Save to list 
Woolworths Scotch Fillet Pork 600g,https://www.woolworths.com.au/shop/productdetails/675492/woolworths-scotch-fillet-pork,https://www.woolworths.com.au/content/promotiontags/australian-pork-roundel-200x200.png,https://assets.woolworths.com.au/images/1005/675492.jpg?impolicy=wowsmkqiema&w=260&h=260,$11.00,$18.33 / 1KG,4.6,402, Add to cart , Save to list 
Gotzinger Continental Franks 300g,https://www.woolworths.com.au/shop/productdetails/366113/gotzinger-continental-franks,,https://assets.woolworths.com.au/images/1005/366113.jpg?impolicy=wowsmkqiema&w=260&h=260,$8.00,$26.67 / 1KG,,, Add to cart , Save to list 
Woolworths Middle Bacon 250g,https://www.woolworths.com.au/shop/productdetails/266794/woolworths-middle-bacon-middle-cut-rashers,,https://assets.woolworths.com.au/images/1005/266794.jpg?impolicy=wowsmkqiema&w=260&h=260,$4.00,$16.00 / 1KG,4.4,42, Add to cart , Save to list 
Ocean Chef Salmon Portions Mediterranean Style 1kg,https://www.woolworths.com.au/shop/productdetails/811474/ocean-chef-salmon-portions-mediterranean-style,https://www.woolworths.com.au/content/promotiontags/roundel-special-200x200.png,https://assets.woolworths.com.au/images/1005/811474.jpg?impolicy=wowsmkqiema&w=260&h=260,$26.50,$26.50 / 1KG,,, Add to cart , Save to list 
"Woolworths Pork, Apple And Tasmanian Cider Sausages 500g",https://www.woolworths.com.au/shop/productdetails/231651/woolworths-pork-apple-and-tasmanian-cider-sausages,,https://assets.woolworths.com.au/images/1005/231651.jpg?impolicy=wowsmkqiema&w=260&h=260,$9.00,$18.00 / 1KG,4.5,35, Add to cart , Save to list 
Woolworths Rspca Approved Chicken Tenderloins 600g,https://www.woolworths.com.au/shop/productdetails/114258/woolworths-rspca-approved-chicken-tenderloins,https://www.woolworths.com.au/content/promotiontags/australian-chicken-roundel-200x200.png,https://assets.woolworths.com.au/images/1005/114258.jpg?impolicy=wowsmkqiema&w=260&h=260,$10.00,$16.67 / 1KG,,, Add to cart , Save to list 
Ingham's Classic Turkey Breast Oven Roasted 800g,https://www.woolworths.com.au/shop/productdetails/210537/ingham-s-classic-turkey-breast-oven-roasted,,https://assets.woolworths.com.au/images/1005/210537.jpg?impolicy=wowsmkqiema&w=260&h=260,$22.50,$28.13 / 1KG,,, Add to cart , Save to list 
Woolworths Fresh Skin On Barramundi Fillets Per Kg,https://www.woolworths.com.au/shop/productdetails/844680/woolworths-fresh-skin-on-barramundi-fillets,https://www.woolworths.com.au/content/promotiontags/supporting-aus-seafood-roundel-200x200.png,https://assets.woolworths.com.au/images/1005/844680.jpg?impolicy=wowsmkqiema&w=260&h=260,$33.00,$33.00 / 1KG,4.8,109, Add to cart , Save to list 
Woolworths Semi Dried Tomatoes In Mediterranean Herbs 135g,https://www.woolworths.com.au/shop/productdetails/39760/woolworths-semi-dried-tomatoes-in-mediterranean-herbs,,https://assets.woolworths.com.au/images/1005/39760.jpg?impolicy=wowsmkqiema&w=260&h=260,,,4.4,545,, Save to list 
Woolworths Diced Beef Casserole 500g,https://www.woolworths.com.au/shop/productdetails/675483/woolworths-diced-beef-casserole,,https://assets.woolworths.com.au/images/1005/675483.jpg?impolicy=wowsmkqiema&w=260&h=260,$11.00,$22.00 / 1KG,5.0,1, Add to cart , Save to list 
The British Sausage Co British Thick Pork Sausage 500g,https://www.woolworths.com.au/shop/productdetails/190082/the-british-sausage-co-british-thick-pork-sausage,,https://assets.woolworths.com.au/images/1005/190082.jpg?impolicy=wowsmkqiema&w=260&h=260,$8.50,$17.00 / 1KG,,, Add to cart , Save to list 
Don Kabana Traditional 200g,https://www.woolworths.com.au/shop/productdetails/172687/don-kabana-traditional,,https://assets.woolworths.com.au/images/1005/172687.jpg?impolicy=wowsmkqiema&w=260&h=260,$5.80,$29.00 / 1KG,,, Add to cart , Save to list 
Holland House Rollmops Marinated 500g,https://www.woolworths.com.au/shop/productdetails/41491/holland-house-rollmops-marinated,,https://assets.woolworths.com.au/images/1005/41491.jpg?impolicy=wowsmkqiema&w=260&h=260,$6.00,$12.00 / 1KG,,, Add to cart , Save to list 
K-roo Kangaroo Sizzle Steak 400g,https://www.woolworths.com.au/shop/productdetails/120304/k-roo-kangaroo-sizzle-steak,,https://assets.woolworths.com.au/images/1005/120304.jpg?impolicy=wowsmkqiema&w=260&h=260,$10.00,$25.00 / 1KG,,, Add to cart , Save to list 
Woolworths Rspca Approved Chicken Mignon Each,https://www.woolworths.com.au/shop/productdetails/723025/woolworths-rspca-approved-chicken-mignon,https://www.woolworths.com.au/content/promotiontags/roundel-special-200x200.png,https://assets.woolworths.com.au/images/1005/723025.jpg?impolicy=wowsmkqiema&w=260&h=260,$2.80,$2.80 / 1EA,3.9,321, Add to cart , Save to list 
Ocean Chef Tuna Yellowfin Tuna Steaks 1kg,https://www.woolworths.com.au/shop/productdetails/782001/ocean-chef-tuna-yellowfin-tuna-steaks,,https://assets.woolworths.com.au/images/1005/782001.jpg?impolicy=wowsmkqiema&w=260&h=260,$29.00,$29.00 / 1KG,,, Add to cart , Save to list 
Moira Mac's Marinated Bbq Chicken Breast Sliced Per Kg,https://www.woolworths.com.au/shop/productdetails/11303/moira-mac-s-marinated-bbq-chicken-breast-sliced,,https://assets.woolworths.com.au/images/1005/11303.jpg?impolicy=wowsmkqiema&w=260&h=260,$27.50,$27.50 / 1KG,,, Add to cart , Save to list 
Woolworths Lamb Shoulder Roast 1.1kg - 1.7kg,https://www.woolworths.com.au/shop/productdetails/727929/woolworths-lamb-shoulder-roast,,https://assets.woolworths.com.au/images/1005/727929.jpg?impolicy=wowsmkqiema&w=260&h=260,,,5.0,1,, Save to list 
Thomas Dux Blue Stilton 150g,https://www.woolworths.com.au/shop/productdetails/81585/thomas-dux-blue-stilton,,https://assets.woolworths.com.au/images/1005/81585.jpg?impolicy=wowsmkqiema&w=260&h=260,,,4.0,409,, Save to list 
Woolworths Smoked Fillets Cod Per Kg,https://www.woolworths.com.au/shop/productdetails/48888/woolworths-smoked-fillets-cod,https://www.woolworths.com.au/content/promotiontags/roundel-special-200x200.png,https://assets.woolworths.com.au/images/1005/48888.jpg?impolicy=wowsmkqiema&w=260&h=260,$12.00,$12.00 / 1KG,,, Add to cart , Save to list 
Primo Cabanossi From The Deli Per Kg,https://www.woolworths.com.au/shop/productdetails/10239/primo-cabanossi-from-the-deli,,https://assets.woolworths.com.au/images/1005/10239.jpg?impolicy=wowsmkqiema&w=260&h=260,$21.45,$21.45 / 1KG,,, Add to cart , Save to list 
Woolworths Pitted Kalamata Olives With Italian Vinegar 110g,https://www.woolworths.com.au/shop/productdetails/39758/woolworths-pitted-kalamata-olives-with-italian-vinegar,,https://assets.woolworths.com.au/images/1005/39758.jpg?impolicy=wowsmkqiema&w=260&h=260,$4.00,$3.64 / 100G,4.3,236, Add to cart , Save to list 
Ingham's Turkey Breast Portion 400g,https://www.woolworths.com.au/shop/productdetails/212403/ingham-s-turkey-breast-portion,,https://assets.woolworths.com.au/images/1005/212403.jpg?impolicy=wowsmkqiema&w=260&h=260,$10.00,$25.00 / 1KG,,, Add to cart , Save to list 
Woolworths Chicken Meatballs 400g,https://www.woolworths.com.au/shop/productdetails/188922/woolworths-chicken-meatballs,,https://assets.woolworths.com.au/images/1005/188922.jpg?impolicy=wowsmkqiema&w=260&h=260,$7.50,$18.75 / 1KG,4.4,251, Add to cart , Save to list 
Woolworths Diced Beef Heart Smart 500g,https://www.woolworths.com.au/shop/productdetails/675482/woolworths-diced-beef-heart-smart,https://www.woolworths.com.au/content/promotiontags/australian-beef-roundel-200x200.png,https://assets.woolworths.com.au/images/1005/675482.jpg?impolicy=wowsmkqiema&w=260&h=260,$13.00,$26.00 / 1KG,4.5,825, Add to cart , Save to list 
South Cape Trilogy Herb Sundried Vintage Cheddar Cheese 140g,https://www.woolworths.com.au/shop/productdetails/309214/south-cape-trilogy-herb-sundried-vintage-cheddar-cheese,,https://assets.woolworths.com.au/images/1005/309214.jpg?impolicy=wowsmkqiema&w=260&h=260,$6.50,$46.43 / 1KG,,, Add to cart , Save to list 
Primo Ham Honey Shaved 100g,https://www.woolworths.com.au/shop/productdetails/194494/primo-ham-honey-shaved,https://www.woolworths.com.au/content/promotiontags/roundel-buy-more-save-more-200x200.png,https://assets.woolworths.com.au/images/1005/194494.jpg?impolicy=wowsmkqiema&w=260&h=260,$3.70,$37.00 / 1KG,,, Add to cart , Save to list 
Don Liverwurst Latvian 100g,https://www.woolworths.com.au/shop/productdetails/89063/don-liverwurst-latvian,,https://assets.woolworths.com.au/images/1005/89063.jpg?impolicy=wowsmkqiema&w=260&h=260,$2.50,$25.00 / 1KG,,, Add to cart , Save to list 
Woolworths Shaved Parmesan 250g,https://www.woolworths.com.au/shop/productdetails/85588/woolworths-shaved-parmesan,,https://assets.woolworths.com.au/images/1005/85588.jpg?impolicy=wowsmkqiema&w=260&h=260,$6.30,$25.20 / 1KG,4.5,460, Add to cart , Save to list 
Ingham's Turkey Drumsticks 1.3kg - 1.9kg,https://www.woolworths.com.au/shop/productdetails/310516/ingham-s-turkey-drumsticks,https://www.woolworths.com.au/content/promotiontags/australian-chicken-roundel-200x200.png,https://assets.woolworths.com.au/images/1005/310516.jpg?impolicy=wowsmkqiema&w=260&h=260,$17.10,$9.00 / 1KG,,, Add to cart , Save to list 
Woolworths Beef Lasagne 2kg,https://www.woolworths.com.au/shop/productdetails/194648/woolworths-beef-lasagne-null,,https://assets.woolworths.com.au/images/1005/194648.jpg?impolicy=wowsmkqiema&w=260&h=260,$13.30,$6.65 / 1KG,3.2,391, Add to cart , Save to list 
Macro Grass Fed Beef Burger 500g,https://www.woolworths.com.au/shop/productdetails/175567/macro-grass-fed-beef-burger,,https://assets.woolworths.com.au/images/1005/175567.jpg?impolicy=wowsmkqiema&w=260&h=260,$9.00,$18.00 / 1KG,4.0,1097, Add to cart , Save to list 
Woolworths Beef Bolar Blade Roast 1kg - 1.9kg,https://www.woolworths.com.au/shop/productdetails/764567/woolworths-beef-bolar-blade-roast,,https://assets.woolworths.com.au/images/1005/764567.jpg?impolicy=wowsmkqiema&w=260&h=260,$30.40,$16.00 / 1KG,4.7,262, Add to cart , Save to list 
Steggles Crumbed Chicken Breast Fingers 360g,https://www.woolworths.com.au/shop/productdetails/705144/steggles-crumbed-chicken-breast-fingers,,https://assets.woolworths.com.au/images/1005/705144.jpg?impolicy=wowsmkqiema&w=260&h=260,$6.00,$16.67 / 1KG,,, Add to cart , Save to list 
Woolworths Smoked Beef Pastrami Freshly Sliced From The Deli Per Kg,https://www.woolworths.com.au/shop/productdetails/407559/woolworths-smoked-beef-pastrami-freshly-sliced-from-the-deli,https://www.woolworths.com.au/content/promotiontags/syd-royal-silver-2016-roundel.png,https://assets.woolworths.com.au/images/1005/407559.jpg?impolicy=wowsmkqiema&w=260&h=260,$31.00,$31.00 / 1KG,,, Add to cart , Save to list 
Woolworths Cook Butterflied Lamb Shoulder With Lemon & Garlic 650g - 1.5kg,https://www.woolworths.com.au/shop/productdetails/383347/woolworths-cook-butterflied-lamb-shoulder-with-lemon-garlic,,https://assets.woolworths.com.au/images/1005/383347.jpg?impolicy=wowsmkqiema&w=260&h=260,,,4.5,127,, Save to list 
Woolworths Rspca Approved Diced Chicken Leg Fillet 500g,https://www.woolworths.com.au/shop/productdetails/683227/woolworths-rspca-approved-diced-chicken-leg-fillet,https://www.woolworths.com.au/content/promotiontags/australian-chicken-roundel-200x200.png,https://assets.woolworths.com.au/images/1005/683227.jpg?impolicy=wowsmkqiema&w=260&h=260,$9.00,$18.00 / 1KG,,, Add to cart , Save to list 
Woolworths Sweet & Smokey Bbq Chicken Wings Per Kg,https://www.woolworths.com.au/shop/productdetails/36368/woolworths-sweet-smokey-bbq-chicken-wings,,https://assets.woolworths.com.au/images/1005/36368.jpg?impolicy=wowsmkqiema&w=260&h=260,$9.00,$9.00 / 1KG,,, Add to cart , Save to list 
Woolworths Pork Loin Chop Medium 200g - 600g,https://www.woolworths.com.au/shop/productdetails/675623/woolworths-pork-loin-chop-medium,https://www.woolworths.com.au/content/promotiontags/roundel-special-200x200.png,https://assets.woolworths.com.au/images/1005/675623.jpg?impolicy=wowsmkqiema&w=260&h=260,$9.60,$16.00 / 1KG,4.6,36, Add to cart , Save to list 
Woolworths Fresh Scallops Commercial 1kg,https://www.woolworths.com.au/shop/productdetails/180705/woolworths-fresh-scallops-commercial,,https://assets.woolworths.com.au/images/1005/180705.jpg?impolicy=wowsmkqiema&w=260&h=260,,,,,, Save to list 
Woolworths Beef Scotch Fillet Thin Slice Whole 450g - 750g,https://www.woolworths.com.au/shop/productdetails/692995/woolworths-beef-scotch-fillet-thin-slice-whole,https://www.woolworths.com.au/content/promotiontags/roundel-special-200x200.png,https://assets.woolworths.com.au/images/1005/692995.jpg?impolicy=wowsmkqiema&w=260&h=260,$29.25,$39.00 / 1KG,4.8,273, Add to cart , Save to list 
D'orsogna Streaky Bacon 500g,https://www.woolworths.com.au/shop/productdetails/727933/d-orsogna-streaky-bacon,https://www.woolworths.com.au/content/promotiontags/project-harvest-roundel-1-for-1-v2-200x200.png,https://assets.woolworths.com.au/images/1005/727933.jpg?impolicy=wowsmkqiema&w=260&h=260,$12.50,$25.00 / 1KG,,, Add to cart , Save to list 
Woolworths Pork Loin Roast Boneless Small 1.2kg - 2kg,https://www.woolworths.com.au/shop/productdetails/764406/woolworths-pork-loin-roast-boneless-small,https://www.woolworths.com.au/content/promotiontags/australian-pork-roundel-200x200.png,https://assets.woolworths.com.au/images/1005/764406.jpg?impolicy=wowsmkqiema&w=260&h=260,$28.00,$14.00 / 1KG,,, Add to cart , Save to list 
D'orsogna Shortcut Bacon 1kg,https://www.woolworths.com.au/shop/productdetails/176564/d-orsogna-shortcut-bacon,https://www.woolworths.com.au/content/promotiontags/roundel-special-200x200.png,https://assets.woolworths.com.au/images/1005/176564.jpg?impolicy=wowsmkqiema&w=260&h=260,$13.00,$13.00 / 1KG,5.0,1, Add to cart , Save to list 
Macro Chicken Mince Free Range 500g,https://www.woolworths.com.au/shop/productdetails/705461/macro-chicken-mince-free-range,https://www.woolworths.com.au/content/promotiontags/australian-chicken-roundel-200x200.png,https://assets.woolworths.com.au/images/1005/705461.jpg?impolicy=wowsmkqiema&w=260&h=260,$10.50,$21.00 / 1KG,4.6,595, Add to cart , Save to list 
Don Sopressa Salami Thinly Sliced Thinly Sliced 80g,https://www.woolworths.com.au/shop/productdetails/215950/don-sopressa-salami-thinly-sliced-thinly-sliced,https://www.woolworths.com.au/content/promotiontags/roundel-special-200x200.png,https://assets.woolworths.com.au/images/1005/215950.jpg?impolicy=wowsmkqiema&w=260&h=260,$4.00,$50.00 / 1KG,,, Add to cart , Save to list 
Gotzinger German Bratwurst 400g,https://www.woolworths.com.au/shop/productdetails/366112/gotzinger-german-bratwurst,,https://assets.woolworths.com.au/images/1005/366112.jpg?impolicy=wowsmkqiema&w=260&h=260,$9.50,$23.75 / 1KG,,, Add to cart , Save to list 
Woolworths Chicken Thigh Skinless Fillets Small 500g - 650g,https://www.woolworths.com.au/shop/productdetails/119318/woolworths-chicken-thigh-skinless-fillets-small,https://www.woolworths.com.au/content/promotiontags/australian-chicken-roundel-200x200.png,https://assets.woolworths.com.au/images/1005/119318.jpg?impolicy=wowsmkqiema&w=260&h=260,$9.75,$15.00 / 1KG,,, Add to cart , Save to list 
"Birds Eye Ocean Selections Raw Prawns Frozen, Peeled & Tail Off 500g",https://www.woolworths.com.au/shop/productdetails/186658/birds-eye-ocean-selections-raw-prawns-frozen-peeled-tail-off,,https://assets.woolworths.com.au/images/1005/186658.jpg?impolicy=wowsmkqiema&w=260&h=260,$24.00,$48.00 / 1KG,,, Add to cart , Save to list 
Macro Free Range Chicken Stir Fry 500g,https://www.woolworths.com.au/shop/productdetails/563937/macro-free-range-chicken-stir-fry,https://www.woolworths.com.au/content/promotiontags/australian-chicken-roundel-200x200.png,https://assets.woolworths.com.au/images/1005/563937.jpg?impolicy=wowsmkqiema&w=260&h=260,$12.00,$24.00 / 1KG,4.5,516, Add to cart , Save to list 
Chris' Heritage Goat Cheese & Black Truffle Dip 170g,https://www.woolworths.com.au/shop/productdetails/432784/chris-heritage-goat-cheese-black-truffle-dip,https://www.woolworths.com.au/content/promotiontags/roundel-special-200x200.png,https://assets.woolworths.com.au/images/1005/432784.jpg?impolicy=wowsmkqiema&w=260&h=260,$7.00,$4.12 / 100G,,, Add to cart , Save to list 
Woolworths Fresh Skin Off Barramundi Fillets Per Kg,https://www.woolworths.com.au/shop/productdetails/46479/woolworths-fresh-skin-off-barramundi-fillets,https://www.woolworths.com.au/content/promotiontags/roundel-special-200x200.png,https://assets.woolworths.com.au/images/1005/46479.jpg?impolicy=wowsmkqiema&w=260&h=260,$32.50,$32.50 / 1KG,,, Add to cart , Save to list 
Woolworths Chicken Tenders 400g,https://www.woolworths.com.au/shop/productdetails/160856/woolworths-chicken-tenders,,https://assets.woolworths.com.au/images/1005/160856.jpg?impolicy=wowsmkqiema&w=260&h=260,$8.00,$20.00 / 1KG,4.3,333, Add to cart , Save to list 
Thomas Dux Wild Boar Salami 80g,https://www.woolworths.com.au/shop/productdetails/153950/thomas-dux-wild-boar-salami,https://www.woolworths.com.au/content/promotiontags/2022-silver-medal-roundel.png,https://assets.woolworths.com.au/images/1005/153950.jpg?impolicy=wowsmkqiema&w=260&h=260,$6.00,$75.00 / 1KG,4.0,473, Add to cart , Save to list 
Garlic And Herb Chicken Burger Each,https://www.woolworths.com.au/shop/productdetails/153292/garlic-and-herb-chicken-burger,https://www.woolworths.com.au/content/promotiontags/roundel-half-price-200x200.png,https://assets.woolworths.com.au/images/1005/153292.jpg?impolicy=wowsmkqiema&w=260&h=260,$1.50,$1.50 / 1EA,,, Add to cart , Save to list 
Don Ham Leg Double Smoked Shaved 250g,https://www.woolworths.com.au/shop/productdetails/36976/don-ham-leg-double-smoked-shaved,https://www.woolworths.com.au/content/promotiontags/roundel-special-200x200.png,https://assets.woolworths.com.au/images/1005/36976.jpg?impolicy=wowsmkqiema&w=260&h=260,$5.50,$22.00 / 1KG,,, Add to cart , Save to list 
Ingham's Turkey Mignon Wrapped In Bacon With Garlic Butter 400g,https://www.woolworths.com.au/shop/productdetails/215712/ingham-s-turkey-mignon-wrapped-in-bacon-with-garlic-butter,https://www.woolworths.com.au/content/promotiontags/roundel-special-200x200.png,https://assets.woolworths.com.au/images/1005/215712.jpg?impolicy=wowsmkqiema&w=260&h=260,$10.00,$25.00 / 1KG,,, Add to cart , Save to list 
D'orsogna Natural Hungarian Salami Gluten Free 100g,https://www.woolworths.com.au/shop/productdetails/211671/d-orsogna-natural-hungarian-salami-gluten-free,,https://assets.woolworths.com.au/images/1005/211671.jpg?impolicy=wowsmkqiema&w=260&h=260,,,,,, Save to list 
Fresh Rainbow Trout Skin On Per Kg,https://www.woolworths.com.au/shop/productdetails/95257/fresh-rainbow-trout-skin-on,,https://assets.woolworths.com.au/images/1005/95257.jpg?impolicy=wowsmkqiema&w=260&h=260,,,,,, Save to list 
Woolworths Cook Boneless Butterflied Chicken Greek Style 900g - 1.35kg,https://www.woolworths.com.au/shop/productdetails/935707/woolworths-cook-boneless-butterflied-chicken-greek-style,,https://assets.woolworths.com.au/images/1005/935707.jpg?impolicy=wowsmkqiema&w=260&h=260,$14.85,$11.00 / 1KG,4.7,730, Add to cart , Save to list 
Woolworths Chicken Breast Fillet Skinless Small 500g - 700g,https://www.woolworths.com.au/shop/productdetails/119259/woolworths-chicken-breast-fillet-skinless-small,,https://assets.woolworths.com.au/images/1005/119259.jpg?impolicy=wowsmkqiema&w=260&h=260,,,,,, Save to list 
K-roo Kangaroo Mince 1kg,https://www.woolworths.com.au/shop/productdetails/148292/k-roo-kangaroo-mince,,https://assets.woolworths.com.au/images/1005/148292.jpg?impolicy=wowsmkqiema&w=260&h=260,$13.50,$13.50 / 1KG,5.0,1, Add to cart , Save to list 
Macro Organic Grass Fed Beef Sausages 450g,https://www.woolworths.com.au/shop/productdetails/133861/macro-organic-grass-fed-beef-sausages,,https://assets.woolworths.com.au/images/1005/133861.jpg?impolicy=wowsmkqiema&w=260&h=260,$11.00,$24.44 / 1KG,3.8,310, Add to cart , Save to list 
Thomas Dux Spanish Truffle Sheep's Cheese 150g,https://www.woolworths.com.au/shop/productdetails/140165/thomas-dux-spanish-truffle-sheep-s-cheese,https://www.woolworths.com.au/content/promotiontags/royal-tasmanian-fine-food-awards-2022-gold.png,https://assets.woolworths.com.au/images/1005/140165.jpg?impolicy=wowsmkqiema&w=260&h=260,$8.20,$54.67 / 1KG,4.0,1370, Add to cart , Save to list 
Woolworths Frozen Basa Fillets 1kg,https://www.woolworths.com.au/shop/productdetails/445352/woolworths-frozen-basa-fillets,,https://assets.woolworths.com.au/images/1005/445352.jpg?impolicy=wowsmkqiema&w=260&h=260,,,3.9,307,, Save to list 
Primo Pulled Chicken 150g,https://www.woolworths.com.au/shop/productdetails/544739/primo-pulled-chicken,,https://assets.woolworths.com.au/images/1005/544739.jpg?impolicy=wowsmkqiema&w=260&h=260,$6.00,$40.00 / 1KG,,, Add to cart , Save to list 
Bertocchi Premium Boneless Leg Ham Sliced From The Deli Per Kg,https://www.woolworths.com.au/shop/productdetails/352931/bertocchi-premium-boneless-leg-ham-sliced-from-the-deli,,https://assets.woolworths.com.au/images/1005/352931.jpg?impolicy=wowsmkqiema&w=260&h=260,$29.50,$29.50 / 1KG,,, Add to cart , Save to list 
Woolworths Apricot & Almond Cream Cheese 200g,https://www.woolworths.com.au/shop/productdetails/696351/woolworths-apricot-almond-cream-cheese,,https://assets.woolworths.com.au/images/1005/696351.jpg?impolicy=wowsmkqiema&w=260&h=260,$3.60,$18.00 / 1KG,4.3,1494, Add to cart , Save to list 
Woolworths Heart Smart Extra Lean Pork Mince 500g,https://www.woolworths.com.au/shop/productdetails/666557/woolworths-heart-smart-extra-lean-pork-mince,https://www.woolworths.com.au/content/promotiontags/australian-pork-roundel-200x200.png,https://assets.woolworths.com.au/images/1005/666557.jpg?impolicy=wowsmkqiema&w=260&h=260,$7.00,$14.00 / 1KG,,, Add to cart , Save to list 
Woolworths Hickory Smoked Infused Beef Sausages 500g,https://www.woolworths.com.au/shop/productdetails/213860/woolworths-hickory-smoked-infused-beef-sausages,https://www.woolworths.com.au/content/promotiontags/roundel-buy-more-save-more-200x200.png,https://assets.woolworths.com.au/images/1005/213860.jpg?impolicy=wowsmkqiema&w=260&h=260,$8.00,$16.00 / 1KG,,, Add to cart , Save to list 
Steggles Whole Chicken 1.7kg - 2.4kg,https://www.woolworths.com.au/shop/productdetails/487891/steggles-whole-chicken,,https://assets.woolworths.com.au/images/1005/487891.jpg?impolicy=wowsmkqiema&w=260&h=260,,,,,, Save to list 
Riverina Dairy Full Cream Fetta 1kg,https://www.woolworths.com.au/shop/productdetails/647386/riverina-dairy-full-cream-fetta,,https://assets.woolworths.com.au/images/1005/647386.jpg?impolicy=wowsmkqiema&w=260&h=260,,,,,, Save to list 
Chicken Kebab Smokey Bbq Each,https://www.woolworths.com.au/shop/productdetails/158687/woolworths-chicken-kebab-smokey-bbq,https://www.woolworths.com.au/content/promotiontags/roundel-special-200x200.png,https://assets.woolworths.com.au/images/1005/158687.jpg?impolicy=wowsmkqiema&w=260&h=260,$1.00,$1.00 / 1EA,,, Add to cart , Save to list 
Tassal Smoked Tassie Salmon 50g X 2 Pack,https://www.woolworths.com.au/shop/productdetails/247015/tassal-smoked-tassie-salmon,https://www.woolworths.com.au/content/promotiontags/roundel-special-200x200.png,https://assets.woolworths.com.au/images/1005/247015.jpg?impolicy=wowsmkqiema&w=260&h=260,$8.00,$80.00 / 1KG,,, Add to cart , Save to list 
Woolworths Pork Ribs 600g - 1.3kg,https://www.woolworths.com.au/shop/productdetails/675622/woolworths-pork-ribs,https://www.woolworths.com.au/content/promotiontags/australian-pork-roundel-200x200.png,https://assets.woolworths.com.au/images/1005/675622.jpg?impolicy=wowsmkqiema&w=260&h=260,$26.00,$20.00 / 1KG,4.8,53, Add to cart , Save to list 
Woolworths Lamb Forequarter Chops 4 - 6 Pieces 800g - 1.3kg,https://www.woolworths.com.au/shop/productdetails/765062/woolworths-lamb-forequarter-chops-4-6-pieces,https://www.woolworths.com.au/content/promotiontags/australian-lamb-roundel-200x200.png,https://assets.woolworths.com.au/images/1005/765062.jpg?impolicy=wowsmkqiema&w=260&h=260,$24.70,$19.00 / 1KG,1.0,1, Add to cart , Save to list 
Macro Grass Fed Australian Stir-fry Beef 500g,https://www.woolworths.com.au/shop/productdetails/175569/macro-grass-fed-australian-stir-fry-beef,https://www.woolworths.com.au/content/promotiontags/australian-beef-roundel-200x200.png,https://assets.woolworths.com.au/images/1005/175569.jpg?impolicy=wowsmkqiema&w=260&h=260,$13.00,$26.00 / 1KG,,, Add to cart , Save to list 
Woolworths Olives Green Stuffed Chilli Garlic Per Kg,https://www.woolworths.com.au/shop/productdetails/179084/woolworths-olives-green-stuffed-chilli-garlic,,https://assets.woolworths.com.au/images/1005/179084.jpg?impolicy=wowsmkqiema&w=260&h=260,$24.00,$24.00 / 1KG,4.5,430, Add to cart , Save to list 
Woolworths Chinese Bbq Pork From The Deli Per Kg,https://www.woolworths.com.au/shop/productdetails/659932/woolworths-chinese-bbq-pork-from-the-deli,,https://assets.woolworths.com.au/images/1005/659932.jpg?impolicy=wowsmkqiema&w=260&h=260,$31.00,$31.00 / 1KG,3.9,92, Add to cart , Save to list 
Woolworths Chicken Drumsticks Bulk 1.3kg - 1.7kg,https://www.woolworths.com.au/shop/productdetails/140481/woolworths-chicken-drumsticks-bulk,https://www.woolworths.com.au/content/promotiontags/australian-chicken-roundel-200x200.png,https://assets.woolworths.com.au/images/1005/140481.jpg?impolicy=wowsmkqiema&w=260&h=260,$6.80,$4.00 / 1KG,,, Add to cart , Save to list 
Macro Organic Beef Porterhouse Steak 200g - 350g,https://www.woolworths.com.au/shop/productdetails/109738/macro-organic-beef-porterhouse-steak,https://www.woolworths.com.au/content/promotiontags/australian-beef-roundel-200x200.png,https://assets.woolworths.com.au/images/1005/109738.jpg?impolicy=wowsmkqiema&w=260&h=260,$19.25,$55.00 / 1KG,4.8,27, Add to cart , Save to list 
Woolworths Lamb Midloins 3 - 6 Pieces 450g - 800g,https://www.woolworths.com.au/shop/productdetails/764967/woolworths-lamb-midloins-3-6-pieces-6-8-pieces,https://www.woolworths.com.au/content/promotiontags/australian-lamb-roundel-200x200.png,https://assets.woolworths.com.au/images/1005/764967.jpg?impolicy=wowsmkqiema&w=260&h=260,$22.40,$28.00 / 1KG,4.7,100, Add to cart , Save to list 
Jarlsberg Sliced Cheese Per Kg,https://www.woolworths.com.au/shop/productdetails/93235/jarlsberg-sliced-cheese,https://www.woolworths.com.au/content/promotiontags/roundel-special-200x200.png,https://assets.woolworths.com.au/images/1005/93235.jpg?impolicy=wowsmkqiema&w=260&h=260,$25.00,$25.00 / 1KG,,, Add to cart , Save to list 
Zanetti Firm Parmesan Cheese Grana Padano 200g,https://www.woolworths.com.au/shop/productdetails/324007/zanetti-firm-parmesan-cheese-grana-padano,https://www.woolworths.com.au/content/promotiontags/roundel-special-200x200.png,https://assets.woolworths.com.au/images/1005/324007.jpg?impolicy=wowsmkqiema&w=260&h=260,$9.00,$45.00 / 1KG,,, Add to cart , Save to list 
Ruffie Rustic Foods Smoky Bacon Leek & Cheddar Quiche 2 Pack,https://www.woolworths.com.au/shop/productdetails/805079/ruffie-rustic-foods-smoky-bacon-leek-cheddar-quiche,,https://assets.woolworths.com.au/images/1005/805079.jpg?impolicy=wowsmkqiema&w=260&h=260,$14.00,$3.50 / 100G,,, Add to cart , Save to list 
Woolworths Premium Wagyu Beef Sirloin Steak 210g - 310g,https://www.woolworths.com.au/shop/productdetails/159117/woolworths-premium-wagyu-beef-sirloin-steak,,https://assets.woolworths.com.au/images/1005/159117.jpg?impolicy=wowsmkqiema&w=260&h=260,,,,,, Save to list 
Woolworths Spring Onion & Chive Cream Cheese 200g,https://www.woolworths.com.au/shop/productdetails/696354/woolworths-spring-onion-chive-cream-cheese,,https://assets.woolworths.com.au/images/1005/696354.jpg?impolicy=wowsmkqiema&w=260&h=260,$3.60,$18.00 / 1KG,,, Add to cart , Save to list 
Castello Double Cream Truffle Brie 150g,https://www.woolworths.com.au/shop/productdetails/964767/castello-double-cream-truffle,,https://assets.woolworths.com.au/images/1005/964767.jpg?impolicy=wowsmkqiema&w=260&h=260,$9.00,$60.00 / 1KG,,, Add to cart , Save to list 
Macro Free Range Chicken V Wings 700g - 950g,https://www.woolworths.com.au/shop/productdetails/792933/macro-free-range-chicken-v-wings,https://www.woolworths.com.au/content/promotiontags/australian-chicken-roundel-200x200.png,https://assets.woolworths.com.au/images/1005/792933.jpg?impolicy=wowsmkqiema&w=260&h=260,$9.98,$10.50 / 1KG,,, Add to cart , Save to list 
Don Ham Leg Honey Roasted Shaved 250g,https://www.woolworths.com.au/shop/productdetails/36899/don-ham-leg-honey-roasted-shaved,https://www.woolworths.com.au/content/promotiontags/roundel-special-200x200.png,https://assets.woolworths.com.au/images/1005/36899.jpg?impolicy=wowsmkqiema&w=260&h=260,$5.50,$22.00 / 1KG,,, Add to cart , Save to list 
Mersey Valley Classic Cheese 80g,https://www.woolworths.com.au/shop/productdetails/808121/mersey-valley-classic-cheese,https://www.woolworths.com.au/content/promotiontags/roundel-buy-more-save-more-200x200.png,https://assets.woolworths.com.au/images/1005/808121.jpg?impolicy=wowsmkqiema&w=260&h=260,$4.80,$60.00 / 1KG,,, Add to cart , Save to list 
Bertocchi Gold Long Rindless Bacon 400g,https://www.woolworths.com.au/shop/productdetails/476944/bertocchi-gold-long-rindless-bacon,,https://assets.woolworths.com.au/images/1005/476944.jpg?impolicy=wowsmkqiema&w=260&h=260,$10.00,$25.00 / 1KG,,, Add to cart , Save to list 
Woolworths Pork Fillet Heart Smart 250g - 600g,https://www.woolworths.com.au/shop/productdetails/675671/woolworths-pork-fillet-heart-smart,https://www.woolworths.com.au/content/promotiontags/australian-pork-roundel-200x200.png,https://assets.woolworths.com.au/images/1005/675671.jpg?impolicy=wowsmkqiema&w=260&h=260,$12.60,$21.00 / 1KG,,, Add to cart , Save to list 
Woolworths Crumbed Prawn Cutlets 500g,https://www.woolworths.com.au/shop/productdetails/445351/woolworths-crumbed-prawn-cutlets,,https://assets.woolworths.com.au/images/1005/445351.jpg?impolicy=wowsmkqiema&w=260&h=260,$9.00,$18.00 / 1KG,,, Add to cart , Save to list 
Woolworths Pork Rashers 350g- 800g,https://www.woolworths.com.au/shop/productdetails/675687/woolworths-pork-rashers,https://www.woolworths.com.au/content/promotiontags/australian-pork-roundel-200x200.png,https://assets.woolworths.com.au/images/1005/675687.jpg?impolicy=wowsmkqiema&w=260&h=260,$15.20,$19.00 / 1KG,4.3,283, Add to cart , Save to list 
De Costi Cooked Prawns Peeled With Cocktail Sauce 260g,https://www.woolworths.com.au/shop/productdetails/407058/de-costi-cooked-prawns-peeled-with-cocktail-sauce,,https://assets.woolworths.com.au/images/1005/407058.jpg?impolicy=wowsmkqiema&w=260&h=260,$12.50,$48.08 / 1KG,,, Add to cart , Save to list 
Primo Rindless Middle Bacon 250g,https://www.woolworths.com.au/shop/productdetails/380578/primo-rindless-middle-bacon,https://www.woolworths.com.au/content/promotiontags/roundel-special-200x200.png,https://assets.woolworths.com.au/images/1005/380578.jpg?impolicy=wowsmkqiema&w=260&h=260,$5.25,$21.00 / 1KG,,, Add to cart , Save to list 
Maggie Beer Truffle Triple Cream Brie 200g,https://www.woolworths.com.au/shop/productdetails/95422/maggie-beer-truffle-triple-cream-brie,https://www.woolworths.com.au/content/promotiontags/roundel-special-200x200.png,https://assets.woolworths.com.au/images/1005/95422.jpg?impolicy=wowsmkqiema&w=260&h=260,$9.40,$47.00 / 1KG,,, Add to cart , Save to list 
Woolworths Pork Medallion 250g,https://www.woolworths.com.au/shop/productdetails/675494/woolworths-pork-medallion,https://www.woolworths.com.au/content/promotiontags/roundel-buy-more-save-more-200x200.png,https://assets.woolworths.com.au/images/1005/675494.jpg?impolicy=wowsmkqiema&w=260&h=260,$8.00,$32.00 / 1KG,,, Add to cart , Save to list 
Don Bacon Pansize Double Smoked 200g,https://www.woolworths.com.au/shop/productdetails/178202/don-bacon-pansize-double-smoked,,https://assets.woolworths.com.au/images/1005/178202.jpg?impolicy=wowsmkqiema&w=260&h=260,$5.00,$25.00 / 1KG,,, Add to cart , Save to list 
San Marino Snackertaining Hot Salami & Mozzarella 100g,https://www.woolworths.com.au/shop/productdetails/141179/san-marino-snackertaining-hot-salami-mozzarella,,https://assets.woolworths.com.au/images/1005/141179.jpg?impolicy=wowsmkqiema&w=260&h=260,$8.00,$80.00 / 1KG,,, Add to cart , Save to list 
Woolworths Cook Slow Cooked Butterflied Beef 700g,https://www.woolworths.com.au/shop/productdetails/821037/woolworths-cook-slow-cooked-butterflied-beef,,https://assets.woolworths.com.au/images/1005/821037.jpg?impolicy=wowsmkqiema&w=260&h=260,$17.00,$24.29 / 1KG,4.4,141, Add to cart , Save to list 
Cleaver's Organic Beef Hot Dogs 275g,https://www.woolworths.com.au/shop/productdetails/608981/cleaver-s-organic-beef-hot-dogs,https://www.woolworths.com.au/content/promotiontags/roundel-special-200x200.png,https://assets.woolworths.com.au/images/1005/608981.jpg?impolicy=wowsmkqiema&w=260&h=260,$9.50,$34.55 / 1KG,,, Add to cart , Save to list 
Bertocchi Double Smoked Ham Off The Bone Freshly Sliced From The Deli Per Kg,https://www.woolworths.com.au/shop/productdetails/346463/bertocchi-double-smoked-ham-off-the-bone-freshly-sliced-from-the-deli,https://www.woolworths.com.au/content/promotiontags/syd-royal-champion-2016-roundel.png,https://assets.woolworths.com.au/images/1005/346463.jpg?impolicy=wowsmkqiema&w=260&h=260,$34.00,$34.00 / 1KG,,, Add to cart , Save to list 
San Marino Artisanal Mild Salami 200g,https://www.woolworths.com.au/shop/productdetails/180392/san-marino-artisanal-mild-salami,,https://assets.woolworths.com.au/images/1005/180392.jpg?impolicy=wowsmkqiema&w=260&h=260,$10.00,$50.00 / 1KG,,, Add to cart , Save to list 
Woolworths Southern Style Chicken Portions 900g - 1.3kg,https://www.woolworths.com.au/shop/productdetails/134037/woolworths-southern-style-chicken-portions,,https://assets.woolworths.com.au/images/1005/134037.jpg?impolicy=wowsmkqiema&w=260&h=260,$15.60,$12.00 / 1KG,4.0,919, Add to cart , Save to list 
Woolworths Fresh Medium Tiger Prawn Per Kg,https://www.woolworths.com.au/shop/productdetails/65825/woolworths-fresh-medium-tiger-prawn,,https://assets.woolworths.com.au/images/1005/65825.jpg?impolicy=wowsmkqiema&w=260&h=260,,,,,, Save to list 
Mayfair Knob Devon 1kg,https://www.woolworths.com.au/shop/productdetails/127766/mayfair-knob-devon,,https://assets.woolworths.com.au/images/1005/127766.jpg?impolicy=wowsmkqiema&w=260&h=260,$3.30,$3.30 / 1KG,,, Add to cart , Save to list 
Woolworths Roasted Garlic Mash 475g,https://www.woolworths.com.au/shop/productdetails/828746/woolworths-roasted-garlic-mash-null,,https://assets.woolworths.com.au/images/1005/828746.jpg?impolicy=wowsmkqiema&w=260&h=260,$6.75,$1.42 / 100G,4.3,172, Add to cart , Save to list 
Macro Chicken Drumsticks Free Range 650g - 1.2kg,https://www.woolworths.com.au/shop/productdetails/764857/macro-chicken-drumsticks-free-range,,https://assets.woolworths.com.au/images/1005/764857.jpg?impolicy=wowsmkqiema&w=260&h=260,,,4.7,633,, Save to list 
Woolworths Cook Butterflied Lamb Shoulder With Rosemary & Mint 850g - 1.65kg,https://www.woolworths.com.au/shop/productdetails/337138/woolworths-cook-butterflied-lamb-shoulder-with-rosemary-mint,,https://assets.woolworths.com.au/images/1005/337138.jpg?impolicy=wowsmkqiema&w=260&h=260,,,4.4,527,, Save to list 
Primo Short Cut Bacon 750g,https://www.woolworths.com.au/shop/productdetails/235782/primo-short-cut-bacon,,https://assets.woolworths.com.au/images/1005/235782.jpg?impolicy=wowsmkqiema&w=260&h=260,$15.50,$20.67 / 1KG,,, Add to cart , Save to list 
Diced Lamb 450g,https://www.woolworths.com.au/shop/productdetails/72363/woolworths-diced-lamb,https://www.woolworths.com.au/content/promotiontags/australian-lamb-roundel-200x200.png,https://assets.woolworths.com.au/images/1005/72363.jpg?impolicy=wowsmkqiema&w=260&h=260,$13.00,$28.89 / 1KG,,, Add to cart , Save to list 
Woolworths Applewood Smoke Infused Pork Sausages 500g,https://www.woolworths.com.au/shop/productdetails/212749/woolworths-applewood-smoke-infused-pork-sausages,https://www.woolworths.com.au/content/promotiontags/roundel-buy-more-save-more-200x200.png,https://assets.woolworths.com.au/images/1005/212749.jpg?impolicy=wowsmkqiema&w=260&h=260,$8.00,$16.00 / 1KG,4.3,3, Add to cart , Save to list 
Miguel Maestre Australian Free Range Spicy Pork Belly Salami 80g,https://www.woolworths.com.au/shop/productdetails/179837/miguel-maestre-australian-free-range-spicy-pork-belly-salami,,https://assets.woolworths.com.au/images/1005/179837.jpg?impolicy=wowsmkqiema&w=260&h=260,$9.00,$112.50 / 1KG,,, Add to cart , Save to list 
Pork Belly 600g - 1.3kg,https://www.woolworths.com.au/shop/productdetails/764465/pork-belly,https://www.woolworths.com.au/content/promotiontags/australian-pork-roundel-200x200.png,https://assets.woolworths.com.au/images/1005/764465.jpg?impolicy=wowsmkqiema&w=260&h=260,$24.70,$19.00 / 1KG,,, Add to cart , Save to list 
De Costi Raw Prawn Meat 260g,https://www.woolworths.com.au/shop/productdetails/811608/de-costi-raw-prawn-meat,,https://assets.woolworths.com.au/images/1005/811608.jpg?impolicy=wowsmkqiema&w=260&h=260,$12.50,$48.08 / 1KG,,, Add to cart , Save to list 
Ob Finest Wafer Crackers Black Pepper 100g,https://www.woolworths.com.au/shop/productdetails/861401/ob-finest-wafer-crackers-black-pepper,https://www.woolworths.com.au/content/promotiontags/roundel-buy-more-save-more-200x200.png,https://assets.woolworths.com.au/images/1005/861401.jpg?impolicy=wowsmkqiema&w=260&h=260,$3.50,$3.50 / 100G,,, Add to cart , Save to list 
Zanetti Parmigiano Reggiano 200g,https://www.woolworths.com.au/shop/productdetails/324006/zanetti-parmigiano-reggiano-parmigiano-reggiano,,https://assets.woolworths.com.au/images/1005/324006.jpg?impolicy=wowsmkqiema&w=260&h=260,$12.50,$62.50 / 1KG,,, Add to cart , Save to list 
South Cape Trilogy Onion Chives & Smoked Cheddar Cheese 140g,https://www.woolworths.com.au/shop/productdetails/305741/south-cape-trilogy-onion-chives-smoked-cheddar-cheese,,https://assets.woolworths.com.au/images/1005/305741.jpg?impolicy=wowsmkqiema&w=260&h=260,$6.50,$46.43 / 1KG,,, Add to cart , Save to list 
Old El Paso Veggie Soft Taco Kit Tortillas & Seasoning Mild 376g,https://www.woolworths.com.au/shop/productdetails/229822/old-el-paso-veggie-soft-taco-kit-tortillas-seasoning-mild,https://www.woolworths.com.au/content/promotiontags/online-only-special-green-roundel.png,https://assets.woolworths.com.au/images/1005/229822.jpg?impolicy=wowsmkqiema&w=260&h=260,$5.25,$1.40 / 100G,,, Add to cart , Save to list 
Portion Ling Skinned & Boned Thawed Per Kg,https://www.woolworths.com.au/shop/productdetails/7777/ling-fillets-portion-ling-skinned-boned-thawed,,https://assets.woolworths.com.au/images/1005/7777.jpg?impolicy=wowsmkqiema&w=260&h=260,$21.00,$21.00 / 1KG,,, Add to cart , Save to list 
Ocean King Smoked Ocean Trout 100g,https://www.woolworths.com.au/shop/productdetails/245552/ocean-king-smoked-ocean-trout,,https://assets.woolworths.com.au/images/1005/245552.jpg?impolicy=wowsmkqiema&w=260&h=260,$5.40,$54.00 / 1KG,,, Add to cart , Save to list 
Jarlsberg Shaved Cheese Per Kg,https://www.woolworths.com.au/shop/productdetails/85924/jarlsberg-shaved-cheese,https://www.woolworths.com.au/content/promotiontags/roundel-special-200x200.png,https://assets.woolworths.com.au/images/1005/85924.jpg?impolicy=wowsmkqiema&w=260&h=260,$25.00,$25.00 / 1KG,,, Add to cart , Save to list 
Absolutely Wrapped Absolutely Wrapped Meat Lovers Each,https://www.woolworths.com.au/shop/productdetails/802583/absolutely-wrapped-absolutely-wrapped-meat-lovers,,https://assets.woolworths.com.au/images/1005/802583.jpg?impolicy=wowsmkqiema&w=260&h=260,$40.00,,,, Add to cart , Save to list 
Thomas Dux Salami With Blue Cheese 80g,https://www.woolworths.com.au/shop/productdetails/153949/thomas-dux-salami-with-blue-cheese,,https://assets.woolworths.com.au/images/1005/153949.jpg?impolicy=wowsmkqiema&w=260&h=260,$6.00,$75.00 / 1KG,4.0,320, Add to cart , Save to list 
Woolworths Rspca Approved Lemon Chicken Breast Schnitzel Each,https://www.woolworths.com.au/shop/productdetails/762278/woolworths-rspca-approved-lemon-chicken-breast-schnitzel,,https://assets.woolworths.com.au/images/1005/762278.jpg?impolicy=wowsmkqiema&w=260&h=260,,,,,, Save to list 
Mersey Valley Classic Cheddar Cheese 235g,https://www.woolworths.com.au/shop/productdetails/244191/mersey-valley-classic-cheddar-cheese,,https://assets.woolworths.com.au/images/1005/244191.jpg?impolicy=wowsmkqiema&w=260&h=260,$9.90,$42.13 / 1KG,,, Add to cart , Save to list 
Woolworths Lamb Cutlets 6 - 10 Pieces 500g - 900g,https://www.woolworths.com.au/shop/productdetails/765046/woolworths-lamb-cutlets-6-10-pieces,https://www.woolworths.com.au/content/promotiontags/australian-lamb-roundel-200x200.png,https://assets.woolworths.com.au/images/1005/765046.jpg?impolicy=wowsmkqiema&w=260&h=260,$38.70,$43.00 / 1KG,4.0,1, Add to cart , Save to list 
Ob Finest Activated Charcoal Wafer Crackers 100g,https://www.woolworths.com.au/shop/productdetails/669012/ob-finest-activated-charcoal-wafer-crackers,https://www.woolworths.com.au/content/promotiontags/roundel-buy-more-save-more-200x200.png,https://assets.woolworths.com.au/images/1005/669012.jpg?impolicy=wowsmkqiema&w=260&h=260,$3.50,$3.50 / 100G,,, Add to cart , Save to list 
Woolworths Sweet Chilli Cream Cheese 200g,https://www.woolworths.com.au/shop/productdetails/696355/woolworths-sweet-chilli-cream-cheese,,https://assets.woolworths.com.au/images/1005/696355.jpg?impolicy=wowsmkqiema&w=260&h=260,$3.60,$18.00 / 1KG,4.3,346, Add to cart , Save to list 
Woolworths Marinated Danish Fetta Cheese In Herb & Garlic 300g,https://www.woolworths.com.au/shop/productdetails/102477/woolworths-marinated-danish-fetta-cheese-in-herb-garlic,,https://assets.woolworths.com.au/images/1005/102477.jpg?impolicy=wowsmkqiema&w=260&h=260,$6.50,$21.67 / 1KG,4.4,386, Add to cart , Save to list 
Woolworths Boneless Chicken Kyiv With Creamy Cheese & Ham Filling 700g,https://www.woolworths.com.au/shop/productdetails/134035/woolworths-boneless-chicken-kyiv-with-creamy-cheese-ham-filling,,https://assets.woolworths.com.au/images/1005/134035.jpg?impolicy=wowsmkqiema&w=260&h=260,$9.50,$13.57 / 1KG,4.1,54, Add to cart , Save to list 
Ruffie Rustic Foods Zucchini Frittata 2 Pack,https://www.woolworths.com.au/shop/productdetails/805078/ruffie-rustic-foods-zucchini-frittata,,https://assets.woolworths.com.au/images/1005/805078.jpg?impolicy=wowsmkqiema&w=260&h=260,$14.00,$3.50 / 100G,,, Add to cart , Save to list 
Miguel Maestre Free Range Chorizo 200g,https://www.woolworths.com.au/shop/productdetails/545716/miguel-maestre-free-range-chorizo,,https://assets.woolworths.com.au/images/1005/545716.jpg?impolicy=wowsmkqiema&w=260&h=260,$10.00,$50.00 / 1KG,5.0,1, Add to cart , Save to list 
K-roo Kangaroo Diced 500g,https://www.woolworths.com.au/shop/productdetails/799575/k-roo-kangaroo-diced,https://www.woolworths.com.au/content/promotiontags/roundel-special-200x200.png,https://assets.woolworths.com.au/images/1005/799575.jpg?impolicy=wowsmkqiema&w=260&h=260,$10.00,$20.00 / 1KG,,, Add to cart , Save to list 
Thomas Dux English Vintage Cheddar 200g,https://www.woolworths.com.au/shop/productdetails/81583/thomas-dux-english-vintage-cheddar,https://www.woolworths.com.au/content/promotiontags/roundel-buy-more-save-more-200x200.png,https://assets.woolworths.com.au/images/1005/81583.jpg?impolicy=wowsmkqiema&w=260&h=260,$5.00,$25.00 / 1KG,4.6,1042, Add to cart , Save to list 
Woolworths Cook Chicken Roasting Portions With Mild Smoked Paprika 600g - 1.2kg,https://www.woolworths.com.au/shop/productdetails/210535/woolworths-cook-chicken-roasting-portions-with-mild-smoked-paprika,,https://assets.woolworths.com.au/images/1005/210535.jpg?impolicy=wowsmkqiema&w=260&h=260,$8.40,$7.00 / 1KG,4.5,523, Add to cart , Save to list 
Moondarra Cream Cheese Honey & Pistachio 120g,https://www.woolworths.com.au/shop/productdetails/970291/moondarra-cream-cheese-honey-pistachio,https://www.woolworths.com.au/content/promotiontags/roundel-special-200x200.png,https://assets.woolworths.com.au/images/1005/970291.jpg?impolicy=wowsmkqiema&w=260&h=260,$3.50,$29.17 / 1KG,,, Add to cart , Save to list 
Woolworths Rspca Approved Chicken Hearts 500g,https://www.woolworths.com.au/shop/productdetails/83198/woolworths-rspca-approved-chicken-hearts,https://www.woolworths.com.au/content/promotiontags/australian-chicken-roundel-200x200.png,https://assets.woolworths.com.au/images/1005/83198.jpg?impolicy=wowsmkqiema&w=260&h=260,$3.50,$7.00 / 1KG,3.7,306, Add to cart , Save to list 
Tasmanian Heritage Double Brie Cheese 250g,https://www.woolworths.com.au/shop/productdetails/77182/tasmanian-heritage-double-brie-cheese,,https://assets.woolworths.com.au/images/1005/77182.jpg?impolicy=wowsmkqiema&w=260&h=260,$14.90,$59.60 / 1KG,,, Add to cart , Save to list 
Perfect Italiano Extra Sharp Parmesan Cheese 200g,https://www.woolworths.com.au/shop/productdetails/226469/perfect-italiano-extra-sharp-parmesan-cheese,,https://assets.woolworths.com.au/images/1005/226469.jpg?impolicy=wowsmkqiema&w=260&h=260,$7.00,$35.00 / 1KG,,, Add to cart , Save to list 
Thomas Dux Dutch Smoked Cheese 200g,https://www.woolworths.com.au/shop/productdetails/85967/thomas-dux-dutch-smoked-cheese,https://www.woolworths.com.au/content/promotiontags/roundel-buy-more-save-more-200x200.png,https://assets.woolworths.com.au/images/1005/85967.jpg?impolicy=wowsmkqiema&w=260&h=260,$4.80,$24.00 / 1KG,4.3,506, Add to cart , Save to list 
Fresh Otto Wurth Frank German Style Per Kg,https://www.woolworths.com.au/shop/productdetails/123150/otto-wurth-fresh-otto-wurth-frank-german-style,,https://assets.woolworths.com.au/images/1005/123150.jpg?impolicy=wowsmkqiema&w=260&h=260,$17.90,$17.90 / 1KG,,, Add to cart , Save to list 
Macro Free Range Chicken Breast Tenders 400g,https://www.woolworths.com.au/shop/productdetails/178505/macro-free-range-chicken-breast-tenders,https://www.woolworths.com.au/content/promotiontags/roundel-special-200x200.png,https://assets.woolworths.com.au/images/1005/178505.jpg?impolicy=wowsmkqiema&w=260&h=260,$9.50,$23.75 / 1KG,4.4,103, Add to cart , Save to list 
Game Farm Spatchcock Whole 350g - 690g,https://www.woolworths.com.au/shop/productdetails/345277/game-farm-spatchcock-whole,,https://assets.woolworths.com.au/images/1005/345277.jpg?impolicy=wowsmkqiema&w=260&h=260,,,,,, Save to list 
Bertocchi Mortadella Green Olives Sliced From The Deli Per Kg,https://www.woolworths.com.au/shop/productdetails/204617/bertocchi-mortadella-green-olives-sliced-from-the-deli,,https://assets.woolworths.com.au/images/1005/204617.jpg?impolicy=wowsmkqiema&w=260&h=260,$14.00,$14.00 / 1KG,,, Add to cart , Save to list 
Woolworths Wings Chicken Boomerang 1.1kg - 1.7kg,https://www.woolworths.com.au/shop/productdetails/354108/woolworths-wings-chicken-boomerang,https://www.woolworths.com.au/content/promotiontags/australian-chicken-roundel-200x200.png,https://assets.woolworths.com.au/images/1005/354108.jpg?impolicy=wowsmkqiema&w=260&h=260,$14.45,$8.50 / 1KG,,, Add to cart , Save to list 
Macro Free Range Lean Pork Mince 500g,https://www.woolworths.com.au/shop/productdetails/666554/macro-free-range-lean-pork-mince,,https://assets.woolworths.com.au/images/1005/666554.jpg?impolicy=wowsmkqiema&w=260&h=260,,,,,, Save to list 
Castello Blue Cheese Creamy 150g,https://www.woolworths.com.au/shop/productdetails/48824/castello-blue-cheese-creamy,,https://assets.woolworths.com.au/images/1005/48824.jpg?impolicy=wowsmkqiema&w=260&h=260,$8.00,$53.33 / 1KG,,, Add to cart , Save to list 
Woolworths Cook Boneless Butterflied Spiced Mango Glaze Chicken 850g - 1.25kg,https://www.woolworths.com.au/shop/productdetails/67677/woolworths-cook-boneless-butterflied-spiced-mango-glaze-chicken,,https://assets.woolworths.com.au/images/1005/67677.jpg?impolicy=wowsmkqiema&w=260&h=260,$13.75,$11.00 / 1KG,4.8,13, Add to cart , Save to list 
San Marino Artisanal Hot Salami 200g,https://www.woolworths.com.au/shop/productdetails/180442/san-marino-artisanal-hot-salami,,https://assets.woolworths.com.au/images/1005/180442.jpg?impolicy=wowsmkqiema&w=260&h=260,$10.00,$50.00 / 1KG,,, Add to cart , Save to list 
Woolworths Cook Lamb Shanks With Red Wine & Rosemary 850g - 1.25kg,https://www.woolworths.com.au/shop/productdetails/83111/woolworths-cook-lamb-shanks-with-red-wine-rosemary,,https://assets.woolworths.com.au/images/1005/83111.jpg?impolicy=wowsmkqiema&w=260&h=260,$22.50,$18.00 / 1KG,4.5,582, Add to cart , Save to list 
Birds Eye Ocean Selections Barramundi Fish Fillet With Herb Salsa 2 Pack,https://www.woolworths.com.au/shop/productdetails/186654/birds-eye-ocean-selections-barramundi-fish-fillet-with-herb-salsa,,https://assets.woolworths.com.au/images/1005/186654.jpg?impolicy=wowsmkqiema&w=260&h=260,,,,,, Save to list 
Woolworths Fresh Whole Rainbow Trout Per Kg,https://www.woolworths.com.au/shop/productdetails/46276/woolworths-fresh-whole-rainbow-trout,https://www.woolworths.com.au/content/promotiontags/supporting-aus-seafood-roundel-200x200.png,https://assets.woolworths.com.au/images/1005/46276.jpg?impolicy=wowsmkqiema&w=260&h=260,$22.00,$22.00 / 1KG,,, Add to cart , Save to list 
Woolworths Lamb Midloins 6 - 9 Pieces 650g - 1.1kg,https://www.woolworths.com.au/shop/productdetails/764868/woolworths-lamb-midloins-6-9-pieces-9-12-pieces,https://www.woolworths.com.au/content/promotiontags/australian-lamb-roundel-200x200.png,https://assets.woolworths.com.au/images/1005/764868.jpg?impolicy=wowsmkqiema&w=260&h=260,$30.80,$28.00 / 1KG,,, Add to cart , Save to list 
Woolworths Thawed Medium Cooked Tiger Prawns Per Kg,https://www.woolworths.com.au/shop/productdetails/66384/woolworths-thawed-medium-cooked-tiger-prawns,,https://assets.woolworths.com.au/images/1005/66384.jpg?impolicy=wowsmkqiema&w=260&h=260,,,,,, Save to list 
Woolworths Cook Slow Cooked Beef Brisket 700g,https://www.woolworths.com.au/shop/productdetails/821038/woolworths-cook-slow-cooked-beef-brisket,,https://assets.woolworths.com.au/images/1005/821038.jpg?impolicy=wowsmkqiema&w=260&h=260,$17.50,$25.00 / 1KG,4.5,506, Add to cart , Save to list 
Woolworths Chicken Kyiv Bites With Creamy Garlic Filling 400g,https://www.woolworths.com.au/shop/productdetails/134090/woolworths-chicken-kyiv-bites-with-creamy-garlic-filling,https://www.woolworths.com.au/content/promotiontags/roundel-buy-more-save-more-200x200.png,https://assets.woolworths.com.au/images/1005/134090.jpg?impolicy=wowsmkqiema&w=260&h=260,$8.00,$20.00 / 1KG,4.2,626, Add to cart , Save to list 
Bertocchi Pancetta Mild Sliced From The Deli Per Kg,https://www.woolworths.com.au/shop/productdetails/726028/bertocchi-pancetta-mild-sliced-from-the-deli,,https://assets.woolworths.com.au/images/1005/726028.jpg?impolicy=wowsmkqiema&w=260&h=260,,,,,, Save to list 
Woolworths Moisture Infused Pork Chops 1.2kg,https://www.woolworths.com.au/shop/productdetails/710886/woolworths-moisture-infused-pork-chops,,https://assets.woolworths.com.au/images/1005/710886.jpg?impolicy=wowsmkqiema&w=260&h=260,,,4.4,171,, Save to list 
D'orsogna Deli Fresh Ham Honey 100g,https://www.woolworths.com.au/shop/productdetails/758131/d-orsogna-deli-fresh-ham-honey,https://www.woolworths.com.au/content/promotiontags/project-harvest-roundel-1-for-1-v2-200x200.png,https://assets.woolworths.com.au/images/1005/758131.jpg?impolicy=wowsmkqiema&w=260&h=260,$4.00,$40.00 / 1KG,,, Add to cart , Save to list 
Salamanca Seafood Company Basa Skin Off Fillet Value Pack 400g,https://www.woolworths.com.au/shop/productdetails/682525/salamanca-seafood-company-basa-skin-off-fillet-value-pack,,https://assets.woolworths.com.au/images/1005/682525.jpg?impolicy=wowsmkqiema&w=260&h=260,$9.00,$22.50 / 1KG,,, Add to cart , Save to list 
Snowdonia Black Bomber Cheddar 150g,https://www.woolworths.com.au/shop/productdetails/24329/snowdonia-black-bomber-cheddar,https://www.woolworths.com.au/content/promotiontags/roundel-special-200x200.png,https://assets.woolworths.com.au/images/1005/24329.jpg?impolicy=wowsmkqiema&w=260&h=260,$8.50,$56.67 / 1KG,,, Add to cart , Save to list 
Primo Chicken Schnitzel 150g,https://www.woolworths.com.au/shop/productdetails/211548/primo-chicken-schnitzel,,https://assets.woolworths.com.au/images/1005/211548.jpg?impolicy=wowsmkqiema&w=260&h=260,$6.00,$40.00 / 1KG,,, Add to cart , Save to list 
The Free Ranger Free Range Chicken Thigh Fillets 450g - 550g,https://www.woolworths.com.au/shop/productdetails/88773/the-free-ranger-free-range-chicken-thigh-fillets,,https://assets.woolworths.com.au/images/1005/88773.jpg?impolicy=wowsmkqiema&w=260&h=260,$10.73,$19.50 / 1KG,,, Add to cart , Save to list 
Beretta Prosciutto Di Parma 85g,https://www.woolworths.com.au/shop/productdetails/652343/beretta-prosciutto-di-parma,,https://assets.woolworths.com.au/images/1005/652343.jpg?impolicy=wowsmkqiema&w=260&h=260,,,,,, Save to list 
Woolworths Green Olive Stuffed With Creamy Fetta Per Kg,https://www.woolworths.com.au/shop/productdetails/54679/woolworths-green-olive-stuffed-with-creamy-fetta,,https://assets.woolworths.com.au/images/1005/54679.jpg?impolicy=wowsmkqiema&w=260&h=260,$24.00,$24.00 / 1KG,,, Add to cart , Save to list 
Pastoral Oven Roasted Pork Herb Crusted Sliced From The Deli Per Kg,https://www.woolworths.com.au/shop/productdetails/620498/pastoral-oven-roasted-pork-herb-crusted-sliced-from-the-deli,,https://assets.woolworths.com.au/images/1005/620498.jpg?impolicy=wowsmkqiema&w=260&h=260,$27.00,$27.00 / 1KG,,, Add to cart , Save to list 
Safcol Tapas Chilean Mussels In Spanish Escabeche Style Sauce 105g,https://www.woolworths.com.au/shop/productdetails/20923/safcol-tapas-chilean-mussels-in-spanish-escabeche-style-sauce,,https://assets.woolworths.com.au/images/1005/20923.jpg?impolicy=wowsmkqiema&w=260&h=260,$3.00,$28.57 / 1KG,,, Add to cart , Save to list 
Maggie Beer Quince Paste 100g,https://www.woolworths.com.au/shop/productdetails/96722/maggie-beer-quince-paste,https://www.woolworths.com.au/content/promotiontags/roundel-special-200x200.png,https://assets.woolworths.com.au/images/1005/96722.jpg?impolicy=wowsmkqiema&w=260&h=260,$5.00,$50.00 / 1KG,,, Add to cart , Save to list 
Woolworths Mixed Tuscan Antipasto Per Kg,https://www.woolworths.com.au/shop/productdetails/439704/woolworths-mixed-tuscan-antipasto,,https://assets.woolworths.com.au/images/1005/439704.jpg?impolicy=wowsmkqiema&w=260&h=260,,,4.3,410,, Save to list 
Pilpel Dip Hummous 350g,https://www.woolworths.com.au/shop/productdetails/299265/pilpel-dip-hummous,,https://assets.woolworths.com.au/images/1005/299265.jpg?impolicy=wowsmkqiema&w=260&h=260,$6.50,$1.86 / 100G,,, Add to cart , Save to list 
Woolworths Frozen Barramundi 1kg,https://www.woolworths.com.au/shop/productdetails/664737/woolworths-frozen-barramundi,,https://assets.woolworths.com.au/images/1005/664737.jpg?impolicy=wowsmkqiema&w=260&h=260,$21.00,$21.00 / 1KG,4.3,193, Add to cart , Save to list 
Woolworths Cooked & Peeled Cocktail Prawns Tail On Per Kg,https://www.woolworths.com.au/shop/productdetails/218146/woolworths-cooked-peeled-cocktail-prawns-tail-on,,https://assets.woolworths.com.au/images/1005/218146.jpg?impolicy=wowsmkqiema&w=260&h=260,$34.00,$34.00 / 1KG,4.6,171, Add to cart , Save to list 
Primo Pulled Meat Slider Pork 150g,https://www.woolworths.com.au/shop/productdetails/97520/primo-pulled-meat-slider-pork,,https://assets.woolworths.com.au/images/1005/97520.jpg?impolicy=wowsmkqiema&w=260&h=260,$6.00,$40.00 / 1KG,,, Add to cart , Save to list 
Woolworths Parmesan Cheese Block 200g,https://www.woolworths.com.au/shop/productdetails/85589/woolworths-parmesan-cheese-block,,https://assets.woolworths.com.au/images/1005/85589.jpg?impolicy=wowsmkqiema&w=260&h=260,$6.80,$34.00 / 1KG,4.5,321, Add to cart , Save to list 
"Chris' Sundried Tomato, Cashew & Feta 170g",https://www.woolworths.com.au/shop/productdetails/177989/chris-sundried-tomato-cashew-feta,,https://assets.woolworths.com.au/images/1005/177989.jpg?impolicy=wowsmkqiema&w=260&h=260,$7.50,$4.41 / 100G,,, Add to cart , Save to list 
Tasmanian Heritage Camembert Cheese 250g,https://www.woolworths.com.au/shop/productdetails/155990/tasmanian-heritage-camembert-cheese,,https://assets.woolworths.com.au/images/1005/155990.jpg?impolicy=wowsmkqiema&w=260&h=260,$14.90,$59.60 / 1KG,,, Add to cart , Save to list 
De Costi Prawns Lemon & Garlic Butter 280g,https://www.woolworths.com.au/shop/productdetails/589727/de-costi-prawns-lemon-garlic-butter,,https://assets.woolworths.com.au/images/1005/589727.jpg?impolicy=wowsmkqiema&w=260&h=260,$12.50,$44.64 / 1KG,,, Add to cart , Save to list 
Woolworths Rspca Approved Chicken Livers 500g,https://www.woolworths.com.au/shop/productdetails/83194/woolworths-rspca-approved-chicken-livers,https://www.woolworths.com.au/content/promotiontags/australian-chicken-roundel-200x200.png,https://assets.woolworths.com.au/images/1005/83194.jpg?impolicy=wowsmkqiema&w=260&h=260,$3.50,$7.00 / 1KG,,, Add to cart , Save to list 
Woolworths Slow Cooked Pork Shoulder With Bbq Sauce 560g,https://www.woolworths.com.au/shop/productdetails/810791/woolworths-slow-cooked-pork-shoulder-with-bbq-sauce,,https://assets.woolworths.com.au/images/1005/810791.jpg?impolicy=wowsmkqiema&w=260&h=260,$15.00,$26.79 / 1KG,4.6,672, Add to cart , Save to list 
Chicken Maryland Supreme Min. 250g,https://www.woolworths.com.au/shop/productdetails/354116/chicken-maryland-supreme,https://www.woolworths.com.au/content/promotiontags/australian-chicken-roundel-200x200.png,https://assets.woolworths.com.au/images/1005/354116.jpg?impolicy=wowsmkqiema&w=260&h=260,$7.50,$7.50 / 1KG,,, Add to cart , Save to list 
Woolworths Shortcut Australian Bacon 200g,https://www.woolworths.com.au/shop/productdetails/55373/woolworths-shortcut-australian-bacon,https://www.woolworths.com.au/content/promotiontags/2022-ffs-bronze-roundel.png,https://assets.woolworths.com.au/images/1005/55373.jpg?impolicy=wowsmkqiema&w=260&h=260,$5.50,$27.50 / 1KG,4.5,391, Add to cart , Save to list 
Meredith Dairy Goat's Cheese Chevre Plain 80g,https://www.woolworths.com.au/shop/productdetails/668984/meredith-dairy-goat-s-cheese-chevre-plain,,https://assets.woolworths.com.au/images/1005/668984.jpg?impolicy=wowsmkqiema&w=260&h=260,$5.00,$62.50 / 1KG,,, Add to cart , Save to list 
Absolutely Wrapped Vegetarian Platter Each,https://www.woolworths.com.au/shop/productdetails/802584/absolutely-wrapped-vegetarian-platter,,https://assets.woolworths.com.au/images/1005/802584.jpg?impolicy=wowsmkqiema&w=260&h=260,$40.00,,,, Add to cart , Save to list 
Bertocchi Gold Short Rindless Bacon 400g,https://www.woolworths.com.au/shop/productdetails/476948/bertocchi-gold-short-rindless-bacon,,https://assets.woolworths.com.au/images/1005/476948.jpg?impolicy=wowsmkqiema&w=260&h=260,$10.00,$25.00 / 1KG,,, Add to cart , Save to list 
Woolworths Cooked Thawed Small Rock Lobster Each,https://www.woolworths.com.au/shop/productdetails/34321/woolworths-cooked-thawed-small-rock-lobster,https://www.woolworths.com.au/content/promotiontags/supporting-aus-seafood-roundel-200x200.png,https://assets.woolworths.com.au/images/1005/34321.jpg?impolicy=wowsmkqiema&w=260&h=260,$27.00,$27.00 / 1EA,,, Add to cart , Save to list 
Bertocchi Mortadella Plain Sliced From The Deli Per Kg,https://www.woolworths.com.au/shop/productdetails/14812/bertocchi-mortadella-plain-sliced-from-the-deli,,https://assets.woolworths.com.au/images/1005/14812.jpg?impolicy=wowsmkqiema&w=260&h=260,$14.00,$14.00 / 1KG,,, Add to cart , Save to list 
Fromager D'affinois Petit D Affinois 150g,https://www.woolworths.com.au/shop/productdetails/733806/fromager-d-affinois-petit-d-affinois,,https://assets.woolworths.com.au/images/1005/733806.jpg?impolicy=wowsmkqiema&w=260&h=260,$12.60,$84.00 / 1KG,,, Add to cart , Save to list 
Clearly Premium Oven Smoked Salmon Lemon & Pepper 300g,https://www.woolworths.com.au/shop/productdetails/186759/clearly-premium-oven-smoked-salmon-lemon-pepper,,https://assets.woolworths.com.au/images/1005/186759.jpg?impolicy=wowsmkqiema&w=260&h=260,$19.00,$63.33 / 1KG,,, Add to cart , Save to list 
Woolworths Free From Gluten Chicken Schnitzels 600g,https://www.woolworths.com.au/shop/productdetails/160640/woolworths-free-from-gluten-chicken-schnitzels,,https://assets.woolworths.com.au/images/1005/160640.jpg?impolicy=wowsmkqiema&w=260&h=260,,,3.9,258,, Save to list 
Woolworths Bbq Pork Ribs With Kansas Style Bbq Sauce 700g,https://www.woolworths.com.au/shop/productdetails/212745/woolworths-bbq-pork-ribs-with-kansas-style-bbq-sauce,,https://assets.woolworths.com.au/images/1005/212745.jpg?impolicy=wowsmkqiema&w=260&h=260,$15.00,$21.43 / 1KG,3.8,29, Add to cart , Save to list 
Woolworths Jumbo Cooked Prawn 500g,https://www.woolworths.com.au/shop/productdetails/656743/woolworths-jumbo-cooked-prawn,,https://assets.woolworths.com.au/images/1005/656743.jpg?impolicy=wowsmkqiema&w=260&h=260,$22.00,$44.00 / 1KG,4.0,685, Add to cart , Save to list 
Thomas Dux Double Cream Camembert 200g,https://www.woolworths.com.au/shop/productdetails/87468/thomas-dux-double-cream-camembert,https://www.woolworths.com.au/content/promotiontags/roundel-buy-more-save-more-200x200.png,https://assets.woolworths.com.au/images/1005/87468.jpg?impolicy=wowsmkqiema&w=260&h=260,$5.50,$27.50 / 1KG,4.5,556, Add to cart , Save to list 
Three Aussie Farmers Slow Cooked Pulled Bbq Pork 250g,https://www.woolworths.com.au/shop/productdetails/783727/three-aussie-farmers-slow-cooked-pulled-bbq-pork,,https://assets.woolworths.com.au/images/1005/783727.jpg?impolicy=wowsmkqiema&w=260&h=260,$10.50,$42.00 / 1KG,,, Add to cart , Save to list 
Humpty Doo Barramundi Skin On 260g,https://www.woolworths.com.au/shop/productdetails/880239/humpty-doo-barramundi-skin-on,https://www.woolworths.com.au/content/promotiontags/supporting-aus-seafood-roundel-200x200.png,https://assets.woolworths.com.au/images/1005/880239.jpg?impolicy=wowsmkqiema&w=260&h=260,$13.00,$50.00 / 1KG,,, Add to cart , Save to list 
Mil Lel Parmesan Cheese 250g,https://www.woolworths.com.au/shop/productdetails/29050/mil-lel-parmesan-cheese,,https://assets.woolworths.com.au/images/1005/29050.jpg?impolicy=wowsmkqiema&w=260&h=260,$10.45,$41.80 / 1KG,,, Add to cart , Save to list 
Prosciutto Di San Daniele Sliced 85g,https://www.woolworths.com.au/shop/productdetails/640254/prosciutto-di-san-daniele-sliced,,https://assets.woolworths.com.au/images/1005/640254.jpg?impolicy=wowsmkqiema&w=260&h=260,$10.00,$117.65 / 1KG,,, Add to cart , Save to list 
Bertocchi Authentic Leg Ham Triple Smoked 500g - 950g,https://www.woolworths.com.au/shop/productdetails/354374/bertocchi-authentic-leg-ham-triple-smoked,,https://assets.woolworths.com.au/images/1005/354374.jpg?impolicy=wowsmkqiema&w=260&h=260,$21.38,$22.50 / 1KG,,, Add to cart , Save to list 
Macro Organic Beef Mince Heart Smart 500g,https://www.woolworths.com.au/shop/productdetails/321551/macro-organic-beef-mince-heart-smart,https://www.woolworths.com.au/content/promotiontags/australian-beef-roundel-200x200.png,https://assets.woolworths.com.au/images/1005/321551.jpg?impolicy=wowsmkqiema&w=260&h=260,$15.00,$30.00 / 1KG,4.7,236, Add to cart , Save to list 
Woolworths Bbq Beef Chuck Burgers With Garlic & Cracked Pepper 500g,https://www.woolworths.com.au/shop/productdetails/97469/woolworths-bbq-beef-chuck-burgers-with-garlic-cracked-pepper,,https://assets.woolworths.com.au/images/1005/97469.jpg?impolicy=wowsmkqiema&w=260&h=260,$10.00,$20.00 / 1KG,3.9,406, Add to cart , Save to list 
Steggles Crumbed Chicken Rings 400g,https://www.woolworths.com.au/shop/productdetails/180655/steggles-crumbed-chicken-rings,https://www.woolworths.com.au/content/promotiontags/roundel-special-200x200.png,https://assets.woolworths.com.au/images/1005/180655.jpg?impolicy=wowsmkqiema&w=260&h=260,$5.00,$12.50 / 1KG,5.0,1, Add to cart , Save to list 
Woolworths Cook Beef Strips Bulgogi Style 500g,https://www.woolworths.com.au/shop/productdetails/730125/woolworths-cook-beef-strips-bulgogi-style,,https://assets.woolworths.com.au/images/1005/730125.jpg?impolicy=wowsmkqiema&w=260&h=260,$13.00,$26.00 / 1KG,4.0,448, Add to cart , Save to list 
Don Milano Salami Thinly Sliced 80g,https://www.woolworths.com.au/shop/productdetails/216932/don-milano-salami-thinly-sliced,,https://assets.woolworths.com.au/images/1005/216932.jpg?impolicy=wowsmkqiema&w=260&h=260,,,,,, Save to list 
Woolworths Nile Perch Thawed Fillets Per Kg,https://www.woolworths.com.au/shop/productdetails/91886/woolworths-nile-perch-thawed-fillets,,https://assets.woolworths.com.au/images/1005/91886.jpg?impolicy=wowsmkqiema&w=260&h=260,$17.00,$17.00 / 1KG,,, Add to cart , Save to list 
Macro Free Range Crumbed Chicken Tenderloins 400g,https://www.woolworths.com.au/shop/productdetails/235582/macro-free-range-crumbed-chicken-tenderloins,,https://assets.woolworths.com.au/images/1005/235582.jpg?impolicy=wowsmkqiema&w=260&h=260,$10.00,$25.00 / 1KG,4.3,38, Add to cart , Save to list 
﻿Moira Mac's Ready To Eat Shredded Chicken 420g,https://www.woolworths.com.au/shop/productdetails/217312/moira-mac-s-ready-to-eat-shredded-chicken,,https://assets.woolworths.com.au/images/1005/217312.jpg?impolicy=wowsmkqiema&w=260&h=260,$7.20,$17.14 / 1KG,5.0,1, Add to cart , Save to list 
Meredith Dairy Goats Cheese 550g,https://www.woolworths.com.au/shop/productdetails/663973/meredith-dairy-goats-cheese-jar,,https://assets.woolworths.com.au/images/1005/663973.jpg?impolicy=wowsmkqiema&w=260&h=260,$20.00,$36.36 / 1KG,,, Add to cart , Save to list 
D'orsogna Deli Fresh Roast Chicken Free Range 100g,https://www.woolworths.com.au/shop/productdetails/744031/d-orsogna-deli-fresh-roast-chicken-free-range,https://www.woolworths.com.au/content/promotiontags/project-harvest-roundel-1-for-1-v2-200x200.png,https://assets.woolworths.com.au/images/1005/744031.jpg?impolicy=wowsmkqiema&w=260&h=260,$4.00,$40.00 / 1KG,,, Add to cart , Save to list 
Woolworths Mixed Gourmet Olives 110g,https://www.woolworths.com.au/shop/productdetails/40181/woolworths-mixed-gourmet-olives,,https://assets.woolworths.com.au/images/1005/40181.jpg?impolicy=wowsmkqiema&w=260&h=260,$4.00,$3.64 / 100G,4.1,348, Add to cart , Save to list 
Primo Tomato & Herb Chicken Schnitzel 150g,https://www.woolworths.com.au/shop/productdetails/248868/primo-tomato-herb-chicken-schnitzel,,https://assets.woolworths.com.au/images/1005/248868.jpg?impolicy=wowsmkqiema&w=260&h=260,$6.00,$40.00 / 1KG,,, Add to cart , Save to list 
Woolworths Bbq Pork Grilling Steaks With Garlic & Pepper Seasoning 450g,https://www.woolworths.com.au/shop/productdetails/212743/woolworths-bbq-pork-grilling-steaks-with-garlic-pepper-seasoning,,https://assets.woolworths.com.au/images/1005/212743.jpg?impolicy=wowsmkqiema&w=260&h=260,$10.50,$23.33 / 1KG,4.3,12, Add to cart , Save to list 
Primo Mortadella 100g,https://www.woolworths.com.au/shop/productdetails/68490/primo-mortadella,https://www.woolworths.com.au/content/promotiontags/roundel-buy-more-save-more-200x200.png,https://assets.woolworths.com.au/images/1005/68490.jpg?impolicy=wowsmkqiema&w=260&h=260,$3.70,$37.00 / 1KG,,, Add to cart , Save to list 
Thomas Dux Parmigiano Reggiano Over 12 Months 250g,https://www.woolworths.com.au/shop/productdetails/81587/thomas-dux-parmigiano-reggiano-over-12-months,,https://assets.woolworths.com.au/images/1005/81587.jpg?impolicy=wowsmkqiema&w=260&h=260,$11.40,$45.60 / 1KG,4.6,540, Add to cart , Save to list 
Jarlsberg Original Cheese Block 250g,https://www.woolworths.com.au/shop/productdetails/930992/jarlsberg-original-cheese-block,,https://assets.woolworths.com.au/images/1005/930992.jpg?impolicy=wowsmkqiema&w=260&h=260,$9.85,$39.40 / 1KG,,, Add to cart , Save to list 
Fresh Tasmanian Atlantic Skin Off Salmon 2.5kg,https://www.woolworths.com.au/shop/productdetails/5279/fresh-tasmanian-atlantic-skin-off-salmon,,https://assets.woolworths.com.au/images/1005/5279.jpg?impolicy=wowsmkqiema&w=260&h=260,,,,,, Save to list 
Woolworths Cook Chinese Bbq Style Pork With Char Siu Sauce 560g,https://www.woolworths.com.au/shop/productdetails/135629/woolworths-cook-chinese-bbq-style-pork-with-char-siu-sauce,,https://assets.woolworths.com.au/images/1005/135629.jpg?impolicy=wowsmkqiema&w=260&h=260,,,4.3,703,, Save to list 
Woolworths Butter Chicken Style Kebabs Kebabs 10 Pack,https://www.woolworths.com.au/shop/productdetails/162269/woolworths-butter-chicken-style-kebabs-kebabs,,https://assets.woolworths.com.au/images/1005/162269.jpg?impolicy=wowsmkqiema&w=260&h=260,$10.50,,4.2,323, Add to cart , Save to list 
Dodoni Authentic Greek Feta Per Kg,https://www.woolworths.com.au/shop/productdetails/3122/dodoni-authentic-greek-feta-cheese,,https://assets.woolworths.com.au/images/1005/3122.jpg?impolicy=wowsmkqiema&w=260&h=260,$36.00,$36.00 / 1KG,,, Add to cart , Save to list 
Woolworths Cook Chicken Kebab Satay 375g,https://www.woolworths.com.au/shop/productdetails/728380/woolworths-cook-chicken-kebab-satay,,https://assets.woolworths.com.au/images/1005/728380.jpg?impolicy=wowsmkqiema&w=260&h=260,,,,,, Save to list 
Snowdonia Red Storm Red Leicester 150g,https://www.woolworths.com.au/shop/productdetails/24358/snowdonia-red-storm-red-leicester,https://www.woolworths.com.au/content/promotiontags/roundel-special-200x200.png,https://assets.woolworths.com.au/images/1005/24358.jpg?impolicy=wowsmkqiema&w=260&h=260,$8.50,$56.67 / 1KG,,, Add to cart , Save to list 
Tuckers Fruit Paste Quince 100g,https://www.woolworths.com.au/shop/productdetails/880478/tuckers-fruit-paste-quince,,https://assets.woolworths.com.au/images/1005/880478.jpg?impolicy=wowsmkqiema&w=260&h=260,$5.50,$55.00 / 1KG,,, Add to cart , Save to list 
Thomas Dux Quince Paste 100g,https://www.woolworths.com.au/shop/productdetails/212774/thomas-dux-quince-paste,,https://assets.woolworths.com.au/images/1005/212774.jpg?impolicy=wowsmkqiema&w=260&h=260,$3.15,$3.15 / 100G,,, Add to cart , Save to list 
K-roo Kangaroo Burger 440g,https://www.woolworths.com.au/shop/productdetails/713466/k-roo-kangaroo-burger,,https://assets.woolworths.com.au/images/1005/713466.jpg?impolicy=wowsmkqiema&w=260&h=260,$7.60,$17.27 / 1KG,,, Add to cart , Save to list 
Don Kransky Cheese 2 Pack,https://www.woolworths.com.au/shop/productdetails/176911/don-kransky-cheese,,https://assets.woolworths.com.au/images/1005/176911.jpg?impolicy=wowsmkqiema&w=260&h=260,$6.50,$32.50 / 1KG,,, Add to cart , Save to list 
Talley's Chilled Mussels Marinated Plain 375g,https://www.woolworths.com.au/shop/productdetails/289769/talley-s-chilled-mussels-marinated-plain,,https://assets.woolworths.com.au/images/1005/289769.jpg?impolicy=wowsmkqiema&w=260&h=260,,,,,, Save to list 
Thomas Dux Manchego Cheese 150g,https://www.woolworths.com.au/shop/productdetails/84976/thomas-dux-manchego-cheese,https://www.woolworths.com.au/content/promotiontags/roundel-buy-more-save-more-200x200.png,https://assets.woolworths.com.au/images/1005/84976.jpg?impolicy=wowsmkqiema&w=260&h=260,$5.50,$36.67 / 1KG,3.9,489, Add to cart , Save to list 
Woolworths Rspca Approved Chicken Giblets 500g,https://www.woolworths.com.au/shop/productdetails/83170/woolworths-rspca-approved-chicken-giblets,https://www.woolworths.com.au/content/promotiontags/australian-chicken-roundel-200x200.png,https://assets.woolworths.com.au/images/1005/83170.jpg?impolicy=wowsmkqiema&w=260&h=260,$3.50,$7.00 / 1KG,3.5,280, Add to cart , Save to list 
Woolworths Cook Chicken Kebab Honey Soy 375g,https://www.woolworths.com.au/shop/productdetails/728385/woolworths-cook-chicken-kebab-honey-soy,,https://assets.woolworths.com.au/images/1005/728385.jpg?impolicy=wowsmkqiema&w=260&h=260,$8.00,$21.33 / 1KG,2.0,1, Add to cart , Save to list 
Maggie Beer Triple Cream Brie 200g,https://www.woolworths.com.au/shop/productdetails/691113/maggie-beer-triple-cream-brie,https://www.woolworths.com.au/content/promotiontags/roundel-special-200x200.png,https://assets.woolworths.com.au/images/1005/691113.jpg?impolicy=wowsmkqiema&w=260&h=260,$8.30,$41.50 / 1KG,,, Add to cart , Save to list 
Woolworths Buttermilk Tennessee Style Chicken Wing Nibbles 600g,https://www.woolworths.com.au/shop/productdetails/160852/woolworths-buttermilk-tennessee-style-chicken-wing-nibbles,https://www.woolworths.com.au/content/promotiontags/roundel-buy-more-save-more-200x200.png,https://assets.woolworths.com.au/images/1005/160852.jpg?impolicy=wowsmkqiema&w=260&h=260,$8.00,$13.33 / 1KG,4.3,333, Add to cart , Save to list 
Ingham's Roll Chicken 250g,https://www.woolworths.com.au/shop/productdetails/33857/ingham-s-roll-chicken,,https://assets.woolworths.com.au/images/1005/33857.jpg?impolicy=wowsmkqiema&w=260&h=260,$3.45,$13.80 / 1KG,,, Add to cart , Save to list 
Woolworths Premium Roast Beef 97% Fat Free Shaved From The Deli Per Kg,https://www.woolworths.com.au/shop/productdetails/662996/woolworths-premium-roast-beef-97-fat-free-shaved-from-the-deli,,https://assets.woolworths.com.au/images/1005/662996.jpg?impolicy=wowsmkqiema&w=260&h=260,,,,,, Save to list 
Unicorn Classic Camembert Cheese 125g,https://www.woolworths.com.au/shop/productdetails/738697/unicorn-classic-camembert-cheese,https://www.woolworths.com.au/content/promotiontags/local-seals-nsw.png,https://assets.woolworths.com.au/images/1005/738697.jpg?impolicy=wowsmkqiema&w=260&h=260,$5.50,$44.00 / 1KG,,, Add to cart , Save to list 
Just Caught Peeled & Deveined Cooked Prawns 500g,https://www.woolworths.com.au/shop/productdetails/265186/just-caught-peeled-deveined-cooked-prawns,https://www.woolworths.com.au/content/promotiontags/roundel-special-200x200.png,https://assets.woolworths.com.au/images/1005/265186.jpg?impolicy=wowsmkqiema&w=260&h=260,$18.50,$37.00 / 1KG,,, Add to cart , Save to list 
Sicilian Olives From The Deli Per Kg,https://www.woolworths.com.au/shop/productdetails/136262/sicilian-olives-from-the-deli,,https://assets.woolworths.com.au/images/1005/136262.jpg?impolicy=wowsmkqiema&w=260&h=260,$24.00,,4.0,156, Add to cart , Save to list 
Meredith Dairy Goats Cheese 100g,https://www.woolworths.com.au/shop/productdetails/60594/meredith-dairy-goats-cheese,,https://assets.woolworths.com.au/images/1005/60594.jpg?impolicy=wowsmkqiema&w=260&h=260,$5.00,$50.00 / 1KG,,, Add to cart , Save to list 
Woolworths Fresh Pacific Oysters 1 Dozen,https://www.woolworths.com.au/shop/productdetails/96057/woolworths-fresh-pacific-oysters,https://www.woolworths.com.au/content/promotiontags/supporting-aus-seafood-roundel-200x200.png,https://assets.woolworths.com.au/images/1005/96057.jpg?impolicy=wowsmkqiema&w=260&h=260,$21.00,$1.75 / 1EA,,, Add to cart , Save to list 
Thawed Marinara Mix Bag And Bake Teriyaki Ginger Per Kg,https://www.woolworths.com.au/shop/productdetails/859282/thawed-marinara-mix-bag-and-bake-teriyaki-ginger,https://www.woolworths.com.au/content/promotiontags/roundel-special-200x200.png,https://assets.woolworths.com.au/images/1005/859282.jpg?impolicy=wowsmkqiema&w=260&h=260,$14.00,$14.00 / 1KG,,, Add to cart , Save to list 
From The Deli Mediterranean Delight Platter Each,https://www.woolworths.com.au/shop/productdetails/802547/from-the-deli-mediterranean-delight-platter,,https://assets.woolworths.com.au/images/1005/802547.jpg?impolicy=wowsmkqiema&w=260&h=260,$45.00,,,, Add to cart , Save to list 
Woolworths Green Olives Fetta Filled 120g,https://www.woolworths.com.au/shop/productdetails/39761/woolworths-green-olives-fetta-filled,,https://assets.woolworths.com.au/images/1005/39761.jpg?impolicy=wowsmkqiema&w=260&h=260,$4.00,$3.33 / 100G,4.4,265, Add to cart , Save to list 
South Cape Apricot & Almond Cream Cheese 200g,https://www.woolworths.com.au/shop/productdetails/312793/south-cape-apricot-almond-cream-cheese,,https://assets.woolworths.com.au/images/1005/312793.jpg?impolicy=wowsmkqiema&w=260&h=260,$6.50,$32.50 / 1KG,,, Add to cart , Save to list 
Crystal Bay Frozen Australian Tiger Prawns 550g,https://www.woolworths.com.au/shop/productdetails/188692/crystal-bay-frozen-australian-tiger-prawns,https://www.woolworths.com.au/content/promotiontags/supporting-aus-seafood-roundel-200x200.png,https://assets.woolworths.com.au/images/1005/188692.jpg?impolicy=wowsmkqiema&w=260&h=260,$18.00,$32.73 / 1KG,,, Add to cart , Save to list 
Thawed Freshwater Basa Fillets Bag And Bake Teriyaki Ginger Per Kg,https://www.woolworths.com.au/shop/productdetails/859281/thawed-freshwater-basa-fillets-bag-and-bake-teriyaki-ginger,,https://assets.woolworths.com.au/images/1005/859281.jpg?impolicy=wowsmkqiema&w=260&h=260,$11.00,$11.00 / 1KG,,, Add to cart , Save to list 
Fresh Saddletail Snapper Bag And Bake Teriyaki Ginger Per Kg,https://www.woolworths.com.au/shop/productdetails/859130/fresh-saddletail-snapper-bag-and-bake-teriyaki-ginger,,https://assets.woolworths.com.au/images/1005/859130.jpg?impolicy=wowsmkqiema&w=260&h=260,,,,,, Save to list 
Thomas Dux Persian Fetta Cheese 180g,https://www.woolworths.com.au/shop/productdetails/94989/thomas-dux-persian-fetta-cheese,https://www.woolworths.com.au/content/promotiontags/roundel-buy-more-save-more-200x200.png,https://assets.woolworths.com.au/images/1005/94989.jpg?impolicy=wowsmkqiema&w=260&h=260,$4.40,$24.44 / 1KG,4.4,519, Add to cart , Save to list 
Primo Sausages Polish Sliced Per Kg,https://www.woolworths.com.au/shop/productdetails/77504/primo-sausages-polish-sliced,,https://assets.woolworths.com.au/images/1005/77504.jpg?impolicy=wowsmkqiema&w=260&h=260,$17.50,$17.50 / 1KG,,, Add to cart , Save to list 
Primo Chicken Breast Sliced Less Salt 80g,https://www.woolworths.com.au/shop/productdetails/247966/primo-chicken-breast-sliced-less-salt,https://www.woolworths.com.au/content/promotiontags/roundel-buy-more-save-more-200x200.png,https://assets.woolworths.com.au/images/1005/247966.jpg?impolicy=wowsmkqiema&w=260&h=260,$3.70,$46.25 / 1KG,,, Add to cart , Save to list 
Tasmanian Heritage Blue Cheese Snack 80g,https://www.woolworths.com.au/shop/productdetails/527178/tasmanian-heritage-blue-cheese-snack,https://www.woolworths.com.au/content/promotiontags/roundel-buy-more-save-more-200x200.png,https://assets.woolworths.com.au/images/1005/527178.jpg?impolicy=wowsmkqiema&w=260&h=260,$4.80,$60.00 / 1KG,,, Add to cart , Save to list 
Poulet Poulet Heat & Eat Buffalo Oven Roasted Chicken Wings 460g,https://www.woolworths.com.au/shop/productdetails/541499/poulet-heat-eat-buffalo-oven-roasted-chicken-wings,,https://assets.woolworths.com.au/images/1005/541499.jpg?impolicy=wowsmkqiema&w=260&h=260,,,5.0,1,, Save to list 
Yarra Valley Cheese Marinated Persian Fetta 350g,https://www.woolworths.com.au/shop/productdetails/640123/yarra-valley-cheese-marinated-persian-fetta,https://www.woolworths.com.au/content/promotiontags/roundel-special-200x200.png,https://assets.woolworths.com.au/images/1005/640123.jpg?impolicy=wowsmkqiema&w=260&h=260,$9.90,$28.29 / 1KG,,, Add to cart , Save to list 
Tuckers Fruit Paste Caramelised Fig 100g,https://www.woolworths.com.au/shop/productdetails/636060/tuckers-fruit-paste-caramelised-fig,,https://assets.woolworths.com.au/images/1005/636060.jpg?impolicy=wowsmkqiema&w=260&h=260,$5.50,$55.00 / 1KG,,, Add to cart , Save to list 
Woolworths Sweet Potato Mash 475g,https://www.woolworths.com.au/shop/productdetails/674323/woolworths-sweet-potato-mash-null,,https://assets.woolworths.com.au/images/1005/674323.jpg?impolicy=wowsmkqiema&w=260&h=260,$6.75,$1.42 / 100G,3.9,148, Add to cart , Save to list 
San Marino Mild Salami With Prosciutto 80g,https://www.woolworths.com.au/shop/productdetails/210781/san-marino-mild-salami-with-prosciutto,,https://assets.woolworths.com.au/images/1005/210781.jpg?impolicy=wowsmkqiema&w=260&h=260,$7.50,$93.75 / 1KG,,, Add to cart , Save to list 
Mifroma Le Gruyere 150g,https://www.woolworths.com.au/shop/productdetails/97912/mifroma-le-gruyere,https://www.woolworths.com.au/content/promotiontags/roundel-special-200x200.png,https://assets.woolworths.com.au/images/1005/97912.jpg?impolicy=wowsmkqiema&w=260&h=260,$7.00,$46.67 / 1KG,,, Add to cart , Save to list 
Woolworths Beef Short Ribs 800g - 1.1kg,https://www.woolworths.com.au/shop/productdetails/139086/woolworths-beef-short-ribs,,https://assets.woolworths.com.au/images/1005/139086.jpg?impolicy=wowsmkqiema&w=260&h=260,,,,,, Save to list 
D'orsogna Natural Premium Ham Gluten Free 97% Fat Free 100g,https://www.woolworths.com.au/shop/productdetails/211994/d-orsogna-natural-premium-ham-gluten-free-97-fat-free,,https://assets.woolworths.com.au/images/1005/211994.jpg?impolicy=wowsmkqiema&w=260&h=260,,,,,, Save to list 
The Free Ranger Free Range Chicken Breast Fillets 500g - 650g,https://www.woolworths.com.au/shop/productdetails/88493/the-free-ranger-free-range-chicken-breast-fillets,,https://assets.woolworths.com.au/images/1005/88493.jpg?impolicy=wowsmkqiema&w=260&h=260,$12.68,$19.50 / 1KG,,, Add to cart , Save to list 
Woolworths Lamb Cutlets 4 - 7 Pieces 250g - 600g,https://www.woolworths.com.au/shop/productdetails/764994/woolworths-lamb-cutlets-4-7-pieces,https://www.woolworths.com.au/content/promotiontags/australian-lamb-roundel-200x200.png,https://assets.woolworths.com.au/images/1005/764994.jpg?impolicy=wowsmkqiema&w=260&h=260,$25.80,$43.00 / 1KG,4.0,1, Add to cart , Save to list 
Woolworths Chicken Tenderloins In Lemon & Garlic Marinade 500g,https://www.woolworths.com.au/shop/productdetails/162444/woolworths-chicken-tenderloins-in-lemon-garlic-marinade,https://www.woolworths.com.au/content/promotiontags/roundel-buy-more-save-more-200x200.png,https://assets.woolworths.com.au/images/1005/162444.jpg?impolicy=wowsmkqiema&w=260&h=260,$9.00,$18.00 / 1KG,4.5,91, Add to cart , Save to list 
Woolworths Cook Butterflied Chicken Sweet Garlic & Herb Marinade 900g - 1.4kg,https://www.woolworths.com.au/shop/productdetails/668510/woolworths-cook-butterflied-chicken-sweet-garlic-herb-marinade,,https://assets.woolworths.com.au/images/1005/668510.jpg?impolicy=wowsmkqiema&w=260&h=260,$11.90,$8.50 / 1KG,4.6,15, Add to cart , Save to list 
Woolworths Moisture Infused Pork Chops 400g,https://www.woolworths.com.au/shop/productdetails/185960/woolworths-moisture-infused-pork-chops,https://www.woolworths.com.au/content/promotiontags/roundel-buy-more-save-more-200x200.png,https://assets.woolworths.com.au/images/1005/185960.jpg?impolicy=wowsmkqiema&w=260&h=260,$8.00,$20.00 / 1KG,,, Add to cart , Save to list 
Woolworths Bbq Cajun Chicken Burgers 450g,https://www.woolworths.com.au/shop/productdetails/162282/woolworths-bbq-cajun-chicken-burgers,https://www.woolworths.com.au/content/promotiontags/roundel-buy-more-save-more-200x200.png,https://assets.woolworths.com.au/images/1005/162282.jpg?impolicy=wowsmkqiema&w=260&h=260,$8.50,$18.89 / 1KG,3.9,109, Add to cart , Save to list 
Don Mini Kabana Original 160g,https://www.woolworths.com.au/shop/productdetails/102809/don-mini-kabana-original,https://www.woolworths.com.au/content/promotiontags/roundel-special-200x200.png,https://assets.woolworths.com.au/images/1005/102809.jpg?impolicy=wowsmkqiema&w=260&h=260,$4.00,$25.00 / 1KG,,, Add to cart , Save to list 
Woolworths Colourful Semi Dried Tomatoes Per Kg,https://www.woolworths.com.au/shop/productdetails/142941/woolworths-colourful-semi-dried-tomatoes,,https://assets.woolworths.com.au/images/1005/142941.jpg?impolicy=wowsmkqiema&w=260&h=260,$28.00,$28.00 / 1KG,4.4,164, Add to cart , Save to list 
Woolworths The Cooks Cuts Beef Brisket 800g - 1.5kg,https://www.woolworths.com.au/shop/productdetails/148672/woolworths-the-cooks-cuts-beef-brisket,https://www.woolworths.com.au/content/promotiontags/australian-beef-roundel-200x200.png,https://assets.woolworths.com.au/images/1005/148672.jpg?impolicy=wowsmkqiema&w=260&h=260,$25.20,$18.00 / 1KG,,, Add to cart , Save to list 
Tasmanian Pate Smoked Salmon & Orange Brandy Pate 190g,https://www.woolworths.com.au/shop/productdetails/177225/tasmanian-pate-smoked-salmon-orange-brandy-pate,,https://assets.woolworths.com.au/images/1005/177225.jpg?impolicy=wowsmkqiema&w=260&h=260,$5.80,$30.53 / 1KG,,, Add to cart , Save to list 
Woolworths Chicken Whole Marinated & Seasoned 1.7kg - 2.3kg,https://www.woolworths.com.au/shop/productdetails/175086/woolworths-chicken-whole-marinated-seasoned,,https://assets.woolworths.com.au/images/1005/175086.jpg?impolicy=wowsmkqiema&w=260&h=260,$17.25,$7.50 / 1KG,,, Add to cart , Save to list 
Marsh's Extra Tasty Cheddar Cheese 400g - 425g,https://www.woolworths.com.au/shop/productdetails/91380/marsh-s-extra-tasty-cheddar-cheese,,https://assets.woolworths.com.au/images/1005/91380.jpg?impolicy=wowsmkqiema&w=260&h=260,$7.69,$18.10 / 1KG,,, Add to cart , Save to list 
Unicorn Classic Double Brie Cheese 125g,https://www.woolworths.com.au/shop/productdetails/370487/unicorn-classic-double-brie-cheese,https://www.woolworths.com.au/content/promotiontags/local-seals-nsw.png,https://assets.woolworths.com.au/images/1005/370487.jpg?impolicy=wowsmkqiema&w=260&h=260,$5.50,$44.00 / 1KG,,, Add to cart , Save to list 
Woolworths Cook Italian Style Beef & Pork Tomato Ragu 700g,https://www.woolworths.com.au/shop/productdetails/189416/woolworths-cook-italian-style-beef-pork-tomato-ragu,https://www.woolworths.com.au/content/promotiontags/roundel-special-200x200.png,https://assets.woolworths.com.au/images/1005/189416.jpg?impolicy=wowsmkqiema&w=260&h=260,$13.50,$19.29 / 1KG,4.3,488, Add to cart , Save to list 
Steggles Chicken Mixed Pieces 2kg,https://www.woolworths.com.au/shop/productdetails/26147/steggles-chicken-mixed-pieces,,https://assets.woolworths.com.au/images/1005/26147.jpg?impolicy=wowsmkqiema&w=260&h=260,$8.50,$4.25 / 1KG,,, Add to cart , Save to list 
Woolworths Herb Green Olives Halves 120g,https://www.woolworths.com.au/shop/productdetails/39756/woolworths-herb-green-olives-halves,,https://assets.woolworths.com.au/images/1005/39756.jpg?impolicy=wowsmkqiema&w=260&h=260,$4.00,$3.33 / 100G,4.3,595, Add to cart , Save to list 
Woolworths Green Olive Half Marinated Per Kg,https://www.woolworths.com.au/shop/productdetails/54688/woolworths-green-olive-half-marinated,,https://assets.woolworths.com.au/images/1005/54688.jpg?impolicy=wowsmkqiema&w=260&h=260,$24.00,$24.00 / 1KG,,, Add to cart , Save to list 
Tasmanian Heritage Double Brie Cheese Snack 80g,https://www.woolworths.com.au/shop/productdetails/527179/tasmanian-heritage-double-brie-cheese-snack,https://www.woolworths.com.au/content/promotiontags/roundel-buy-more-save-more-200x200.png,https://assets.woolworths.com.au/images/1005/527179.jpg?impolicy=wowsmkqiema&w=260&h=260,$4.80,$60.00 / 1KG,,, Add to cart , Save to list 
Thomas Dux Danish Blue Cheese 100g,https://www.woolworths.com.au/shop/productdetails/87469/thomas-dux-danish-blue-cheese,,https://assets.woolworths.com.au/images/1005/87469.jpg?impolicy=wowsmkqiema&w=260&h=260,$4.40,$44.00 / 1KG,3.9,867, Add to cart , Save to list 
Castello Soft Mild Blue Cheese 300g,https://www.woolworths.com.au/shop/productdetails/110572/castello-soft-mild-blue-cheese,,https://assets.woolworths.com.au/images/1005/110572.jpg?impolicy=wowsmkqiema&w=260&h=260,$14.50,$48.33 / 1KG,,, Add to cart , Save to list 
Luv-a-duck Fresh Duck Breast Fillets 360g,https://www.woolworths.com.au/shop/productdetails/805730/luv-a-duck-fresh-duck-breast-fillets,https://www.woolworths.com.au/content/promotiontags/roundel-special-200x200.png,https://assets.woolworths.com.au/images/1005/805730.jpg?impolicy=wowsmkqiema&w=260&h=260,$12.00,$31.58 / 1KG,5.0,2, Add to cart , Save to list 
Ob Finest Quince Paste 100g,https://www.woolworths.com.au/shop/productdetails/633638/ob-finest-quince-paste,,https://assets.woolworths.com.au/images/1005/633638.jpg?impolicy=wowsmkqiema&w=260&h=260,$5.00,$50.00 / 1KG,,, Add to cart , Save to list 
"Ruffie Rustic Foods Smoky Bacon, Swiss Cheese & Sweet Corn Frittata 2 Pack",https://www.woolworths.com.au/shop/productdetails/178902/ruffie-rustic-foods-smoky-bacon-swiss-cheese-sweet-corn-frittata,,https://assets.woolworths.com.au/images/1005/178902.jpg?impolicy=wowsmkqiema&w=260&h=260,$14.00,$3.50 / 100G,,, Add to cart , Save to list 
Woolworths Fresh Whole Black Mussels Per Kg,https://www.woolworths.com.au/shop/productdetails/62900/woolworths-fresh-whole-black-mussels,https://www.woolworths.com.au/content/promotiontags/supporting-aus-seafood-roundel-200x200.png,https://assets.woolworths.com.au/images/1005/62900.jpg?impolicy=wowsmkqiema&w=260&h=260,$10.00,$10.00 / 1KG,,, Add to cart , Save to list 
United Fish Co. Greenshell Mussels Half Shell Frozen 1kg,https://www.woolworths.com.au/shop/productdetails/182718/united-fish-co-greenshell-mussels-half-shell-frozen,,https://assets.woolworths.com.au/images/1005/182718.jpg?impolicy=wowsmkqiema&w=260&h=260,$6.00,$6.00 / 1KG,,, Add to cart , Save to list 
South Cape Brie 200g,https://www.woolworths.com.au/shop/productdetails/40365/south-cape-brie,,https://assets.woolworths.com.au/images/1005/40365.jpg?impolicy=wowsmkqiema&w=260&h=260,$7.50,$37.50 / 1KG,,, Add to cart , Save to list 
Mersey Valley Original Cheddar Cheese 235g,https://www.woolworths.com.au/shop/productdetails/250854/mersey-valley-original-cheddar-cheese,,https://assets.woolworths.com.au/images/1005/250854.jpg?impolicy=wowsmkqiema&w=260&h=260,$9.90,$42.13 / 1KG,,, Add to cart , Save to list 
Woolworths Cook Lamb Strips Mongolian Style 500g,https://www.woolworths.com.au/shop/productdetails/822557/woolworths-cook-lamb-strips-mongolian-style,,https://assets.woolworths.com.au/images/1005/822557.jpg?impolicy=wowsmkqiema&w=260&h=260,,,,,, Save to list 
K-roo Kangaroo Sausages Kanga Bangas Bush Tomato 500g,https://www.woolworths.com.au/shop/productdetails/713467/k-roo-kangaroo-sausages-kanga-bangas-bush-tomato,,https://assets.woolworths.com.au/images/1005/713467.jpg?impolicy=wowsmkqiema&w=260&h=260,$7.60,$15.20 / 1KG,,, Add to cart , Save to list 
Primo Tender Roast Bbq Pork 150g,https://www.woolworths.com.au/shop/productdetails/247618/primo-tender-roast-bbq-pork,,https://assets.woolworths.com.au/images/1005/247618.jpg?impolicy=wowsmkqiema&w=260&h=260,$6.00,$40.00 / 1KG,,, Add to cart , Save to list 
Woolworths Roasted Capsicum Strips 130g,https://www.woolworths.com.au/shop/productdetails/40137/woolworths-roasted-capsicum-strips,,https://assets.woolworths.com.au/images/1005/40137.jpg?impolicy=wowsmkqiema&w=260&h=260,$4.00,$3.08 / 100G,4.3,608, Add to cart , Save to list 
Castello Brie Double Cream 150g,https://www.woolworths.com.au/shop/productdetails/48920/castello-brie-double-cream,,https://assets.woolworths.com.au/images/1005/48920.jpg?impolicy=wowsmkqiema&w=260&h=260,$8.00,$53.33 / 1KG,,, Add to cart , Save to list 
Unicorn Classic Triple Cream Cheese 125g,https://www.woolworths.com.au/shop/productdetails/732051/unicorn-classic-triple-cream-cheese,,https://assets.woolworths.com.au/images/1005/732051.jpg?impolicy=wowsmkqiema&w=260&h=260,,,,,, Save to list 
Woolworths Platter Pack With Tasty Cheese & Cabanossi Bites 400g,https://www.woolworths.com.au/shop/productdetails/109012/woolworths-platter-pack-with-tasty-cheese-cabanossi-bites,,https://assets.woolworths.com.au/images/1005/109012.jpg?impolicy=wowsmkqiema&w=260&h=260,$9.00,$22.50 / 1KG,3.6,856, Add to cart , Save to list 
South Cape Club Cheddar Vintage Cheese 140g,https://www.woolworths.com.au/shop/productdetails/331770/south-cape-club-cheddar-vintage-cheese,,https://assets.woolworths.com.au/images/1005/331770.jpg?impolicy=wowsmkqiema&w=260&h=260,$6.50,$46.43 / 1KG,,, Add to cart , Save to list 
Woolworths Cook Lamb Shoulder With Garlic & Rosemary 700g,https://www.woolworths.com.au/shop/productdetails/147841/woolworths-cook-lamb-shoulder-with-garlic-rosemary,,https://assets.woolworths.com.au/images/1005/147841.jpg?impolicy=wowsmkqiema&w=260&h=260,,,3.8,117,, Save to list 
Primo Middle Bacon 750g,https://www.woolworths.com.au/shop/productdetails/140658/primo-middle-bacon,,https://assets.woolworths.com.au/images/1005/140658.jpg?impolicy=wowsmkqiema&w=260&h=260,$15.50,$20.67 / 1KG,,, Add to cart , Save to list 
Humpty Doo Barramundi Skin Off 260g,https://www.woolworths.com.au/shop/productdetails/880215/humpty-doo-barramundi-skin-off,https://www.woolworths.com.au/content/promotiontags/supporting-aus-seafood-roundel-200x200.png,https://assets.woolworths.com.au/images/1005/880215.jpg?impolicy=wowsmkqiema&w=260&h=260,$14.00,$53.85 / 1KG,,, Add to cart , Save to list 
D'orsogna Natural Double Smoked Ham Gluten Free 97% Fat Free 100g,https://www.woolworths.com.au/shop/productdetails/212050/d-orsogna-natural-double-smoked-ham-gluten-free-97-fat-free,https://www.woolworths.com.au/content/promotiontags/roundel-special-200x200.png,https://assets.woolworths.com.au/images/1005/212050.jpg?impolicy=wowsmkqiema&w=260&h=260,$3.50,$35.00 / 1KG,,, Add to cart , Save to list 
Macro Organic Chicken Thigh Fillet 275g - 600g,https://www.woolworths.com.au/shop/productdetails/229327/macro-organic-chicken-thigh-fillet,https://www.woolworths.com.au/content/promotiontags/australian-chicken-roundel-200x200.png,https://assets.woolworths.com.au/images/1005/229327.jpg?impolicy=wowsmkqiema&w=260&h=260,$18.90,$31.50 / 1KG,,, Add to cart , Save to list 
Mil Lel Shredded Parmesan 170g,https://www.woolworths.com.au/shop/productdetails/97106/mil-lel-shredded-parmesan,,https://assets.woolworths.com.au/images/1005/97106.jpg?impolicy=wowsmkqiema&w=260&h=260,$6.90,$40.59 / 1KG,,, Add to cart , Save to list 
Woolworths Fresh Whole Australian Barramundi Per Kg,https://www.woolworths.com.au/shop/productdetails/95181/woolworths-fresh-whole-australian-barramundi,https://www.woolworths.com.au/content/promotiontags/supporting-aus-seafood-roundel-200x200.png,https://assets.woolworths.com.au/images/1005/95181.jpg?impolicy=wowsmkqiema&w=260&h=260,$22.00,$22.00 / 1KG,,, Add to cart , Save to list 
South Cape Smoked Club Cheddar Vintage Cheese 140g,https://www.woolworths.com.au/shop/productdetails/331773/south-cape-smoked-club-cheddar-vintage-cheese,,https://assets.woolworths.com.au/images/1005/331773.jpg?impolicy=wowsmkqiema&w=260&h=260,$6.50,$46.43 / 1KG,,, Add to cart , Save to list 
Gourmet Chef Marinara Sauce 450g,https://www.woolworths.com.au/shop/productdetails/802908/gourmet-chef-marinara-sauce,,https://assets.woolworths.com.au/images/1005/802908.jpg?impolicy=wowsmkqiema&w=260&h=260,$5.20,$11.56 / 1KG,,, Add to cart , Save to list 
Birds Eye Ocean Selections Teriyaki Frozen Fish Fillets 4 Pack,https://www.woolworths.com.au/shop/productdetails/187138/birds-eye-ocean-selections-teriyaki-frozen-fish-fillets,https://www.woolworths.com.au/content/promotiontags/roundel-special-200x200.png,https://assets.woolworths.com.au/images/1005/187138.jpg?impolicy=wowsmkqiema&w=260&h=260,$7.00,$14.00 / 1KG,3.0,1, Add to cart , Save to list 
Macro Organic Chicken Breast Fillet 330g - 650g,https://www.woolworths.com.au/shop/productdetails/229324/macro-organic-chicken-breast-fillet,,https://assets.woolworths.com.au/images/1005/229324.jpg?impolicy=wowsmkqiema&w=260&h=260,,,,,, Save to list 
San Marino Australian Beef Salami 80g,https://www.woolworths.com.au/shop/productdetails/214565/san-marino-australian-beef-salami,,https://assets.woolworths.com.au/images/1005/214565.jpg?impolicy=wowsmkqiema&w=260&h=260,$7.50,$93.75 / 1KG,,, Add to cart , Save to list 
Woolworths Chicken Burgers Salt & Pepper 440g,https://www.woolworths.com.au/shop/productdetails/134040/woolworths-chicken-burgers-salt-pepper,,https://assets.woolworths.com.au/images/1005/134040.jpg?impolicy=wowsmkqiema&w=260&h=260,$7.00,$15.91 / 1KG,4.1,1067, Add to cart , Save to list 
Macro Chicken Lovely Legs Free Range 500g - 800g,https://www.woolworths.com.au/shop/productdetails/700257/macro-chicken-lovely-legs-free-range,https://www.woolworths.com.au/content/promotiontags/australian-chicken-roundel-200x200.png,https://assets.woolworths.com.au/images/1005/700257.jpg?impolicy=wowsmkqiema&w=260&h=260,$8.40,$10.50 / 1KG,4.6,449, Add to cart , Save to list 
Birds Eye Ocean Selections Fish Fillets Moroccan Skinless Frozen 4 Pack,https://www.woolworths.com.au/shop/productdetails/186758/birds-eye-ocean-selections-fish-fillets-moroccan-skinless-frozen,https://www.woolworths.com.au/content/promotiontags/roundel-special-200x200.png,https://assets.woolworths.com.au/images/1005/186758.jpg?impolicy=wowsmkqiema&w=260&h=260,$7.00,$14.00 / 1KG,1.5,2, Add to cart , Save to list 
Woolworths Bbq Boneless Thigh Fillets With Japanese Style Marinade 500g,https://www.woolworths.com.au/shop/productdetails/213859/woolworths-bbq-boneless-thigh-fillets-with-japanese-style-marinade,,https://assets.woolworths.com.au/images/1005/213859.jpg?impolicy=wowsmkqiema&w=260&h=260,$9.00,$18.00 / 1KG,4.6,34, Add to cart , Save to list 
Zanetti Parmigiano Reggiano Pdo 30m 200g,https://www.woolworths.com.au/shop/productdetails/97938/zanetti-parmigiano-reggiano-pdo-30m,,https://assets.woolworths.com.au/images/1005/97938.jpg?impolicy=wowsmkqiema&w=260&h=260,$14.50,$72.50 / 1KG,,, Add to cart , Save to list 
Woolworths 4 Pork Chops With Sweet & Sticky Vietnamese Glaze 600g,https://www.woolworths.com.au/shop/productdetails/162422/woolworths-4-pork-chops-with-sweet-sticky-vietnamese-glaze,,https://assets.woolworths.com.au/images/1005/162422.jpg?impolicy=wowsmkqiema&w=260&h=260,$15.00,$25.00 / 1KG,4.2,87, Add to cart , Save to list 
Ob Finest Gluten Free Speciality Crackers Fig & Pistachio 130g,https://www.woolworths.com.au/shop/productdetails/60276/ob-finest-gluten-free-speciality-crackers-fig-pistachio,,https://assets.woolworths.com.au/images/1005/60276.jpg?impolicy=wowsmkqiema&w=260&h=260,$6.50,$5.00 / 100G,,, Add to cart , Save to list 
Ocean Chef South American Flathead Fillets 1kg,https://www.woolworths.com.au/shop/productdetails/682485/ocean-chef-south-american-flathead-fillets,,https://assets.woolworths.com.au/images/1005/682485.jpg?impolicy=wowsmkqiema&w=260&h=260,$21.00,$21.00 / 1KG,,, Add to cart , Save to list 
South Cape Onion & Chives Cream Cheese 200g,https://www.woolworths.com.au/shop/productdetails/312799/south-cape-onion-chives-cream-cheese,,https://assets.woolworths.com.au/images/1005/312799.jpg?impolicy=wowsmkqiema&w=260&h=260,$6.50,$32.50 / 1KG,,, Add to cart , Save to list 
Jacquin Chevre Plain 100g,https://www.woolworths.com.au/shop/productdetails/739564/jacquin-chevre-plain,https://www.woolworths.com.au/content/promotiontags/roundel-special-200x200.png,https://assets.woolworths.com.au/images/1005/739564.jpg?impolicy=wowsmkqiema&w=260&h=260,$4.80,$48.00 / 1KG,,, Add to cart , Save to list 
South Cape Australian Havarti 180g,https://www.woolworths.com.au/shop/productdetails/238875/south-cape-australian-havarti,,https://assets.woolworths.com.au/images/1005/238875.jpg?impolicy=wowsmkqiema&w=260&h=260,$6.50,$36.11 / 1KG,,, Add to cart , Save to list 
Talley's Chilled Mussels Marinated Garlic 375g,https://www.woolworths.com.au/shop/productdetails/289775/talley-s-chilled-mussels-marinated-garlic,,https://assets.woolworths.com.au/images/1005/289775.jpg?impolicy=wowsmkqiema&w=260&h=260,,,,,, Save to list 
Ocean Chef Hoki Fillets 1kg,https://www.woolworths.com.au/shop/productdetails/665989/ocean-chef-hoki-fillets,,https://assets.woolworths.com.au/images/1005/665989.jpg?impolicy=wowsmkqiema&w=260&h=260,$16.40,$16.40 / 1KG,,, Add to cart , Save to list 
Ob Finest Speciality Crackers Cranberry Pumpkin 150g,https://www.woolworths.com.au/shop/productdetails/516107/ob-finest-speciality-crackers-cranberry-pumpkin,,https://assets.woolworths.com.au/images/1005/516107.jpg?impolicy=wowsmkqiema&w=260&h=260,$6.50,$4.33 / 100G,,, Add to cart , Save to list 
Lamb Extra Trim Cutlets 8-9 Pieces 250g - 600g,https://www.woolworths.com.au/shop/productdetails/764944/lamb-extra-trim-cutlets-8-9-pieces,https://www.woolworths.com.au/content/promotiontags/australian-lamb-roundel-200x200.png,https://assets.woolworths.com.au/images/1005/764944.jpg?impolicy=wowsmkqiema&w=260&h=260,$30.00,$50.00 / 1KG,,, Add to cart , Save to list 
Woolworths Hickory Half Leg Ham 600g - 1.05kg,https://www.woolworths.com.au/shop/productdetails/218133/woolworths-hickory-half-leg-ham,,https://assets.woolworths.com.au/images/1005/218133.jpg?impolicy=wowsmkqiema&w=260&h=260,$23.10,$22.00 / 1KG,4.7,236, Add to cart , Save to list 
Luv-a-duck Peking Duck Breasts 360g,https://www.woolworths.com.au/shop/productdetails/517468/luv-a-duck-peking-duck-breasts,,https://assets.woolworths.com.au/images/1005/517468.jpg?impolicy=wowsmkqiema&w=260&h=260,$13.00,$36.11 / 1KG,5.0,1, Add to cart , Save to list 
Macro Free Range Chicken Splits Lemon & Garlic 900g - 1.25kg,https://www.woolworths.com.au/shop/productdetails/727221/macro-free-range-chicken-splits-lemon-garlic,,https://assets.woolworths.com.au/images/1005/727221.jpg?impolicy=wowsmkqiema&w=260&h=260,,,4.5,532,, Save to list 
President Brie Cheese 200g,https://www.woolworths.com.au/shop/productdetails/800132/president-brie-cheese,https://www.woolworths.com.au/content/promotiontags/roundel-special-200x200.png,https://assets.woolworths.com.au/images/1005/800132.jpg?impolicy=wowsmkqiema&w=260&h=260,$6.50,$32.50 / 1KG,,, Add to cart , Save to list 
Birds Eye Ocean Selections Barramundi Skin On Frozen Fish Fillet 2 Pack,https://www.woolworths.com.au/shop/productdetails/186693/birds-eye-ocean-selections-barramundi-skin-on-frozen-fish-fillet,,https://assets.woolworths.com.au/images/1005/186693.jpg?impolicy=wowsmkqiema&w=260&h=260,$10.00,$40.00 / 1KG,,, Add to cart , Save to list 
Ob Finest Speciality Crackers Fig & Pecan 150g,https://www.woolworths.com.au/shop/productdetails/626523/ob-finest-speciality-crackers-fig-pecan,,https://assets.woolworths.com.au/images/1005/626523.jpg?impolicy=wowsmkqiema&w=260&h=260,$6.50,$4.33 / 100G,,, Add to cart , Save to list 
Tasmanian Pate Smoked Salmon & Cracked Pepper Pate 130g,https://www.woolworths.com.au/shop/productdetails/133471/tasmanian-pate-smoked-salmon-cracked-pepper-pate,,https://assets.woolworths.com.au/images/1005/133471.jpg?impolicy=wowsmkqiema&w=260&h=260,$5.50,$42.31 / 1KG,,, Add to cart , Save to list 
Chicken Lovely Legs Per Kg,https://www.woolworths.com.au/shop/productdetails/18576/chicken-lovely-legs,https://www.woolworths.com.au/content/promotiontags/roundel-special-200x200.png,https://assets.woolworths.com.au/images/1005/18576.jpg?impolicy=wowsmkqiema&w=260&h=260,$7.00,$7.00 / 1KG,,, Add to cart , Save to list 
K-roo Kangaroo Steak Marinated 450g - 700g,https://www.woolworths.com.au/shop/productdetails/117132/k-roo-kangaroo-steak-marinated,,https://assets.woolworths.com.au/images/1005/117132.jpg?impolicy=wowsmkqiema&w=260&h=260,$16.13,$21.50 / 1KG,,, Add to cart , Save to list 
Miguel Maestre Free Range Chorizo Pepperoni 80g,https://www.woolworths.com.au/shop/productdetails/214672/miguel-maestre-free-range-chorizo-pepperoni,,https://assets.woolworths.com.au/images/1005/214672.jpg?impolicy=wowsmkqiema&w=260&h=260,$9.00,$112.50 / 1KG,,, Add to cart , Save to list 
Frico Maasdam Shaved Cheese Per Kg,https://www.woolworths.com.au/shop/productdetails/369960/frico-maasdam-shaved-cheese,,https://assets.woolworths.com.au/images/1005/369960.jpg?impolicy=wowsmkqiema&w=260&h=260,$30.00,$30.00 / 1KG,,, Add to cart , Save to list 
Steggles Butter Chicken Flavour Boneless Family Roast Chicken 900g - 1.5kg,https://www.woolworths.com.au/shop/productdetails/215868/steggles-butter-chicken-flavour-boneless-family-roast-chicken,,https://assets.woolworths.com.au/images/1005/215868.jpg?impolicy=wowsmkqiema&w=260&h=260,$18.00,$12.00 / 1KG,,, Add to cart , Save to list 
South Cape Entertaining Platter 4 Cheese Selections 435g,https://www.woolworths.com.au/shop/productdetails/331791/south-cape-entertaining-platter-4-cheese-selections,,https://assets.woolworths.com.au/images/1005/331791.jpg?impolicy=wowsmkqiema&w=260&h=260,$22.00,$50.57 / 1KG,,, Add to cart , Save to list 
Perfecto Chicken Kebabs Satay 800g,https://www.woolworths.com.au/shop/productdetails/117101/perfecto-chicken-kebabs-satay,,https://assets.woolworths.com.au/images/1005/117101.jpg?impolicy=wowsmkqiema&w=260&h=260,,,,,, Save to list 
Woolworths Baby Pepper Bells Fetta Filled 120g,https://www.woolworths.com.au/shop/productdetails/40143/woolworths-baby-pepper-bells-fetta-filled,,https://assets.woolworths.com.au/images/1005/40143.jpg?impolicy=wowsmkqiema&w=260&h=260,$4.00,$3.33 / 100G,3.9,536, Add to cart , Save to list 
Yarra Valley Double Brie 200g,https://www.woolworths.com.au/shop/productdetails/98018/yarra-valley-double-brie,,https://assets.woolworths.com.au/images/1005/98018.jpg?impolicy=wowsmkqiema&w=260&h=260,$9.40,$47.00 / 1KG,,, Add to cart , Save to list 
Boston Bay Mussels Cooked 500g,https://www.woolworths.com.au/shop/productdetails/802255/boston-bay-mussels-cooked,https://www.woolworths.com.au/content/promotiontags/supporting-aus-seafood-roundel-200x200.png,https://assets.woolworths.com.au/images/1005/802255.jpg?impolicy=wowsmkqiema&w=260&h=260,$8.00,$16.00 / 1KG,,, Add to cart , Save to list 
Mersey Valley Original Vintage Cheese 180g,https://www.woolworths.com.au/shop/productdetails/302105/mersey-valley-original-vintage-cheese,,https://assets.woolworths.com.au/images/1005/302105.jpg?impolicy=wowsmkqiema&w=260&h=260,$8.70,$48.33 / 1KG,,, Add to cart , Save to list 
Mon Ami Double Cream French Brie Petit 125g,https://www.woolworths.com.au/shop/productdetails/216900/mon-ami-double-cream-french-brie-petit,https://www.woolworths.com.au/content/promotiontags/roundel-special-200x200.png,https://assets.woolworths.com.au/images/1005/216900.jpg?impolicy=wowsmkqiema&w=260&h=260,$4.00,$32.00 / 1KG,,, Add to cart , Save to list 
Ob Finest 3 Seed Crisps 110g,https://www.woolworths.com.au/shop/productdetails/56857/ob-finest-3-seed-crisps,,https://assets.woolworths.com.au/images/1005/56857.jpg?impolicy=wowsmkqiema&w=260&h=260,$6.50,$5.91 / 100G,,, Add to cart , Save to list 
Luv-a-duck Confit Duck Legs 500g,https://www.woolworths.com.au/shop/productdetails/25426/luv-a-duck-confit-duck-legs,,https://assets.woolworths.com.au/images/1005/25426.jpg?impolicy=wowsmkqiema&w=260&h=260,$14.50,$29.00 / 1KG,,, Add to cart , Save to list 
D'orsogna Mini Champagne Leg Ham 850g,https://www.woolworths.com.au/shop/productdetails/580252/d-orsogna-mini-champagne-leg-ham,https://www.woolworths.com.au/content/promotiontags/project-harvest-roundel-1-for-1-v2-200x200.png,https://assets.woolworths.com.au/images/1005/580252.jpg?impolicy=wowsmkqiema&w=260&h=260,$16.75,$19.71 / 1KG,,, Add to cart , Save to list 
Boneless Lamb Shoulder Rolled 1kg - 1.5kg,https://www.woolworths.com.au/shop/productdetails/580986/lamb-boneless-lamb-shoulder-rolled,https://www.woolworths.com.au/content/promotiontags/australian-lamb-roundel-200x200.png,https://assets.woolworths.com.au/images/1005/580986.jpg?impolicy=wowsmkqiema&w=260&h=260,$33.00,$22.00 / 1KG,4.5,254, Add to cart , Save to list 
King Island Dairy Stokes Point Smoked Cheddar Cheese 170g,https://www.woolworths.com.au/shop/productdetails/331721/king-island-dairy-stokes-point-smoked-cheddar-cheese,,https://assets.woolworths.com.au/images/1005/331721.jpg?impolicy=wowsmkqiema&w=260&h=260,$10.95,$64.41 / 1KG,,, Add to cart , Save to list 
Unicorn Classic Chilli Brie 125g,https://www.woolworths.com.au/shop/productdetails/96489/unicorn-classic-chilli-brie,,https://assets.woolworths.com.au/images/1005/96489.jpg?impolicy=wowsmkqiema&w=260&h=260,$5.50,$44.00 / 1KG,,, Add to cart , Save to list 
Woolworths Rspca Approved Chicken Kebab Satay Each,https://www.woolworths.com.au/shop/productdetails/315147/woolworths-rspca-approved-chicken-kebab-satay,,https://assets.woolworths.com.au/images/1005/315147.jpg?impolicy=wowsmkqiema&w=260&h=260,,,,,, Save to list 
Woolworths Green Olives With Lemon & Herbs 110g,https://www.woolworths.com.au/shop/productdetails/39759/woolworths-green-olives-with-lemon-herbs,,https://assets.woolworths.com.au/images/1005/39759.jpg?impolicy=wowsmkqiema&w=260&h=260,$4.00,$3.64 / 100G,4.0,459, Add to cart , Save to list 
D'orsogna Honey Leg Ham 850g,https://www.woolworths.com.au/shop/productdetails/580253/d-orsogna-honey-leg-ham,https://www.woolworths.com.au/content/promotiontags/roundel-special-200x200.png,https://assets.woolworths.com.au/images/1005/580253.jpg?impolicy=wowsmkqiema&w=260&h=260,$14.75,$17.35 / 1KG,5.0,1, Add to cart , Save to list 
Gourmet Chef Thai Green Curry Sauce 450g,https://www.woolworths.com.au/shop/productdetails/66287/gourmet-chef-thai-green-curry-sauce,,https://assets.woolworths.com.au/images/1005/66287.jpg?impolicy=wowsmkqiema&w=260&h=260,$5.20,$11.56 / 1KG,,, Add to cart , Save to list 
Luv-a-duck Peking Duck Pancake Kit 560g,https://www.woolworths.com.au/shop/productdetails/609710/luv-a-duck-peking-duck-pancake-kit,,https://assets.woolworths.com.au/images/1005/609710.jpg?impolicy=wowsmkqiema&w=260&h=260,$18.00,$32.14 / 1KG,,, Add to cart , Save to list 
Woolworths Jumbo Greek Kalamata Olives Per Kg,https://www.woolworths.com.au/shop/productdetails/48624/woolworths-jumbo-greek-kalamata-olives,,https://assets.woolworths.com.au/images/1005/48624.jpg?impolicy=wowsmkqiema&w=260&h=260,$24.00,$24.00 / 1KG,4.2,441, Add to cart , Save to list 
Woolworths Cook Pork Medallions Garlic & Herb Stuffing 300g,https://www.woolworths.com.au/shop/productdetails/83537/woolworths-cook-pork-medallions-garlic-herb-stuffing,,https://assets.woolworths.com.au/images/1005/83537.jpg?impolicy=wowsmkqiema&w=260&h=260,$9.00,$30.00 / 1KG,4.0,565, Add to cart , Save to list 
Frico Frico Goat Cheese Wedge 250g,https://www.woolworths.com.au/shop/productdetails/323963/frico-goat-cheese-wedge,https://www.woolworths.com.au/content/promotiontags/roundel-special-200x200.png,https://assets.woolworths.com.au/images/1005/323963.jpg?impolicy=wowsmkqiema&w=260&h=260,$12.00,$48.00 / 1KG,,, Add to cart , Save to list 
Melbourne Cheese Company Persian Fetta 250g,https://www.woolworths.com.au/shop/productdetails/31165/melbourne-cheese-company-persian-fetta,,https://assets.woolworths.com.au/images/1005/31165.jpg?impolicy=wowsmkqiema&w=260&h=260,$8.50,$34.00 / 1KG,,, Add to cart , Save to list 
Woolworths Cook Mild Mexican Pork Shoulder 800g,https://www.woolworths.com.au/shop/productdetails/189407/woolworths-cook-mild-mexican-pork-shoulder,,https://assets.woolworths.com.au/images/1005/189407.jpg?impolicy=wowsmkqiema&w=260&h=260,$14.00,$17.50 / 1KG,4.5,545, Add to cart , Save to list 
The Free Ranger Free Range Chicken Drumsticks 850g - 1.1kg,https://www.woolworths.com.au/shop/productdetails/88622/the-free-ranger-free-range-chicken-drumsticks,,https://assets.woolworths.com.au/images/1005/88622.jpg?impolicy=wowsmkqiema&w=260&h=260,,,,,, Save to list 
Woolworths Pork Meat Pie Small 160g,https://www.woolworths.com.au/shop/productdetails/777414/woolworths-pork-meat-pie-small,,https://assets.woolworths.com.au/images/1005/777414.jpg?impolicy=wowsmkqiema&w=260&h=260,$3.80,$2.38 / 100G,,, Add to cart , Save to list 
Woolworths Beef Soup Bones 1kg - 1.3kg,https://www.woolworths.com.au/shop/productdetails/703387/woolworths-beef-soup-bones,https://www.woolworths.com.au/content/promotiontags/australian-beef-roundel-200x200.png,https://assets.woolworths.com.au/images/1005/703387.jpg?impolicy=wowsmkqiema&w=260&h=260,$9.10,$7.00 / 1KG,,, Add to cart , Save to list 
President Camembert Cheese 200g,https://www.woolworths.com.au/shop/productdetails/800151/president-camembert-cheese,https://www.woolworths.com.au/content/promotiontags/roundel-special-200x200.png,https://assets.woolworths.com.au/images/1005/800151.jpg?impolicy=wowsmkqiema&w=260&h=260,$6.50,$32.50 / 1KG,,, Add to cart , Save to list 
Family Favourites Platter Each,https://www.woolworths.com.au/shop/productdetails/802545/family-favourites-platter,,https://assets.woolworths.com.au/images/1005/802545.jpg?impolicy=wowsmkqiema&w=260&h=260,$35.00,,,, Add to cart , Save to list 
Thomas Dux Italian Parmigiano Reggiano Over 30 Months Matured 200g,https://www.woolworths.com.au/shop/productdetails/140168/thomas-dux-italian-parmigiano-reggiano-over-30-months-matured,https://www.woolworths.com.au/content/promotiontags/royal-tasmanian-fine-food-awards-2022-gold.png,https://assets.woolworths.com.au/images/1005/140168.jpg?impolicy=wowsmkqiema&w=260&h=260,$12.50,$62.50 / 1KG,4.7,1371, Add to cart , Save to list 
South Cape Herb & Garlic Cream Cheese 200g,https://www.woolworths.com.au/shop/productdetails/312798/south-cape-herb-garlic-cream-cheese,,https://assets.woolworths.com.au/images/1005/312798.jpg?impolicy=wowsmkqiema&w=260&h=260,$6.50,$32.50 / 1KG,,, Add to cart , Save to list 
Thomas Dux Pecorino Romano From The Deli Per Kg,https://www.woolworths.com.au/shop/productdetails/139116/thomas-dux-pecorino-romano-from-the-deli,,https://assets.woolworths.com.au/images/1005/139116.jpg?impolicy=wowsmkqiema&w=260&h=260,$57.00,$57.00 / 1KG,,, Add to cart , Save to list 
Tasmanian Heritage Camembert Cheese Snack 80g,https://www.woolworths.com.au/shop/productdetails/527275/tasmanian-heritage-camembert-cheese-snack,https://www.woolworths.com.au/content/promotiontags/roundel-buy-more-save-more-200x200.png,https://assets.woolworths.com.au/images/1005/527275.jpg?impolicy=wowsmkqiema&w=260&h=260,$4.80,$60.00 / 1KG,,, Add to cart , Save to list 
Primo Mild Beef Fajita 140g,https://www.woolworths.com.au/shop/productdetails/210609/primo-mild-beef-fajita,,https://assets.woolworths.com.au/images/1005/210609.jpg?impolicy=wowsmkqiema&w=260&h=260,$6.00,$42.86 / 1KG,,, Add to cart , Save to list 
Bertocchi Gold Thin & Crispy Middle Bacon 400g,https://www.woolworths.com.au/shop/productdetails/626487/bertocchi-gold-thin-crispy-middle-bacon,,https://assets.woolworths.com.au/images/1005/626487.jpg?impolicy=wowsmkqiema&w=260&h=260,$10.00,$25.00 / 1KG,,, Add to cart , Save to list 
Ob Finest Sourdough Crispbread Natural 110g,https://www.woolworths.com.au/shop/productdetails/67767/ob-finest-sourdough-crispbread-natural,,https://assets.woolworths.com.au/images/1005/67767.jpg?impolicy=wowsmkqiema&w=260&h=260,$5.50,$5.00 / 100G,,, Add to cart , Save to list 
Woolworths 97% Fat Free Semi Dried Tomato 1kg,https://www.woolworths.com.au/shop/productdetails/58247/woolworths-97-fat-free-semi-dried-tomato,,https://assets.woolworths.com.au/images/1005/58247.jpg?impolicy=wowsmkqiema&w=260&h=260,$28.00,$28.00 / 1KG,,, Add to cart , Save to list 
Yarra Valley Camembert 200g,https://www.woolworths.com.au/shop/productdetails/98976/yarra-valley-camembert,,https://assets.woolworths.com.au/images/1005/98976.jpg?impolicy=wowsmkqiema&w=260&h=260,$9.40,$47.00 / 1KG,,, Add to cart , Save to list 
South Cape Cream Cheese Apricot & Almond With Sweet Papaya 80g,https://www.woolworths.com.au/shop/productdetails/178960/south-cape-cream-cheese-apricot-almond-with-sweet-papaya,https://www.woolworths.com.au/content/promotiontags/roundel-buy-more-save-more-200x200.png,https://assets.woolworths.com.au/images/1005/178960.jpg?impolicy=wowsmkqiema&w=260&h=260,$4.80,$60.00 / 1KG,,, Add to cart , Save to list 
Primo Salt Reduced Short Cut Bacon 200g,https://www.woolworths.com.au/shop/productdetails/212935/primo-salt-reduced-short-cut-bacon,https://www.woolworths.com.au/content/promotiontags/roundel-special-200x200.png,https://assets.woolworths.com.au/images/1005/212935.jpg?impolicy=wowsmkqiema&w=260&h=260,$5.25,$26.25 / 1KG,,, Add to cart , Save to list 
Just Caught Crumbed Pollock Fillets 1kg,https://www.woolworths.com.au/shop/productdetails/19341/just-caught-crumbed-pollock-fillets,,https://assets.woolworths.com.au/images/1005/19341.jpg?impolicy=wowsmkqiema&w=260&h=260,$9.00,$9.00 / 1KG,,, Add to cart , Save to list 
Woolworths Chargrilled Eggplant 120g,https://www.woolworths.com.au/shop/productdetails/40139/woolworths-chargrilled-eggplant,,https://assets.woolworths.com.au/images/1005/40139.jpg?impolicy=wowsmkqiema&w=260&h=260,$4.00,$3.33 / 100G,3.5,346, Add to cart , Save to list 
South Cape Cracked Pepper Cream Cheese 200g,https://www.woolworths.com.au/shop/productdetails/312801/south-cape-cracked-pepper-cream-cheese,,https://assets.woolworths.com.au/images/1005/312801.jpg?impolicy=wowsmkqiema&w=260&h=260,$6.50,$32.50 / 1KG,,, Add to cart , Save to list 
Melbourne Cheese Company Fetta Garlic & Herbs 250g,https://www.woolworths.com.au/shop/productdetails/29121/melbourne-cheese-company-fetta-garlic-herbs,,https://assets.woolworths.com.au/images/1005/29121.jpg?impolicy=wowsmkqiema&w=260&h=260,$8.50,$34.00 / 1KG,,, Add to cart , Save to list 
King Island Dairy Roaring 40s Blue Cheese 120g,https://www.woolworths.com.au/shop/productdetails/774405/king-island-dairy-roaring-40s-blue-cheese-blue-cheese,,https://assets.woolworths.com.au/images/1005/774405.jpg?impolicy=wowsmkqiema&w=260&h=260,,,,,, Save to list 
Macro Free Range Pork Medallion 250g,https://www.woolworths.com.au/shop/productdetails/695638/macro-free-range-pork-medallion,,https://assets.woolworths.com.au/images/1005/695638.jpg?impolicy=wowsmkqiema&w=260&h=260,,,,,, Save to list 
Normandie Pate Chicken & Black Peppercorns 150g,https://www.woolworths.com.au/shop/productdetails/234582/normandie-pate-chicken-black-peppercorns,,https://assets.woolworths.com.au/images/1005/234582.jpg?impolicy=wowsmkqiema&w=260&h=260,$4.80,$32.00 / 1KG,,, Add to cart , Save to list 
Ob Finest Speciality Crackers Apricot & Macadamia 150g,https://www.woolworths.com.au/shop/productdetails/626516/ob-finest-speciality-crackers-apricot-macadamia,,https://assets.woolworths.com.au/images/1005/626516.jpg?impolicy=wowsmkqiema&w=260&h=260,$6.50,$4.33 / 100G,,, Add to cart , Save to list 
Woolworths Spicy Chipotle Chicken Pops 400g,https://www.woolworths.com.au/shop/productdetails/134087/woolworths-spicy-chipotle-chicken-pops,,https://assets.woolworths.com.au/images/1005/134087.jpg?impolicy=wowsmkqiema&w=260&h=260,,,4.0,696,, Save to list 
Primo Rindless Middle Bacon 500g,https://www.woolworths.com.au/shop/productdetails/694706/primo-rindless-middle-bacon,,https://assets.woolworths.com.au/images/1005/694706.jpg?impolicy=wowsmkqiema&w=260&h=260,$13.55,$27.10 / 1KG,,, Add to cart , Save to list 
Woolworths Cook Pork Knuckle 650g - 1kg,https://www.woolworths.com.au/shop/productdetails/78575/woolworths-cook-pork-knuckle,https://www.woolworths.com.au/content/promotiontags/roundel-special-200x200.png,https://assets.woolworths.com.au/images/1005/78575.jpg?impolicy=wowsmkqiema&w=260&h=260,$12.00,$12.00 / 1KG,4.5,225, Add to cart , Save to list 
Castello Tropical Fruit And Almond Cream Cheese 125g,https://www.woolworths.com.au/shop/productdetails/33782/castello-tropical-fruit-and-almond-cream-cheese,,https://assets.woolworths.com.au/images/1005/33782.jpg?impolicy=wowsmkqiema&w=260&h=260,$6.00,$48.00 / 1KG,,, Add to cart , Save to list 
Maggie Beer Smoked Club Cheddar Aged 12+ Months 150g,https://www.woolworths.com.au/shop/productdetails/238378/maggie-beer-smoked-club-cheddar-aged-12-months,https://www.woolworths.com.au/content/promotiontags/roundel-special-200x200.png,https://assets.woolworths.com.au/images/1005/238378.jpg?impolicy=wowsmkqiema&w=260&h=260,$5.75,$38.33 / 1KG,,, Add to cart , Save to list 
Crystal Bay Australian Tiger Prawns 1kg,https://www.woolworths.com.au/shop/productdetails/102083/crystal-bay-australian-tiger-prawns,,https://assets.woolworths.com.au/images/1005/102083.jpg?impolicy=wowsmkqiema&w=260&h=260,,,,,, Save to list 
Thomas Dux Spanish Truffle Sheep's Cheese From The Deli Per Kg,https://www.woolworths.com.au/shop/productdetails/139501/thomas-dux-spanish-truffle-sheep-s-cheese-from-the-deli,,https://assets.woolworths.com.au/images/1005/139501.jpg?impolicy=wowsmkqiema&w=260&h=260,$78.00,$78.00 / 1KG,4.1,190, Add to cart , Save to list 
Woolworths Corn Chip Chicken Breast Bites 400g,https://www.woolworths.com.au/shop/productdetails/212410/woolworths-corn-chip-chicken-breast-bites,,https://assets.woolworths.com.au/images/1005/212410.jpg?impolicy=wowsmkqiema&w=260&h=260,$8.50,$21.25 / 1KG,3.7,29, Add to cart , Save to list 
San Marino Outdoor Bred Leg Ham 100g,https://www.woolworths.com.au/shop/productdetails/775721/san-marino-outdoor-bred-leg-ham,,https://assets.woolworths.com.au/images/1005/775721.jpg?impolicy=wowsmkqiema&w=260&h=260,$7.50,$75.00 / 1KG,,, Add to cart , Save to list 
Woolworths Bbq Beef Brisket Burnt Ends With Mustard Bbq Sauce 560g,https://www.woolworths.com.au/shop/productdetails/212744/woolworths-bbq-beef-brisket-burnt-ends-with-mustard-bbq-sauce,https://www.woolworths.com.au/content/promotiontags/roundel-special-200x200.png,https://assets.woolworths.com.au/images/1005/212744.jpg?impolicy=wowsmkqiema&w=260&h=260,$15.00,$26.79 / 1KG,4.2,30, Add to cart , Save to list 
Castello Mini Cheeses Creamy Blue 5 Pack,https://www.woolworths.com.au/shop/productdetails/117369/castello-mini-cheeses-creamy-blue,,https://assets.woolworths.com.au/images/1005/117369.jpg?impolicy=wowsmkqiema&w=260&h=260,$6.30,$66.32 / 1KG,,, Add to cart , Save to list 
Maggie Beer Duck & Orange Pate 120g,https://www.woolworths.com.au/shop/productdetails/740484/maggie-beer-duck-orange-pate-duck-orange,https://www.woolworths.com.au/content/promotiontags/roundel-special-200x200.png,https://assets.woolworths.com.au/images/1005/740484.jpg?impolicy=wowsmkqiema&w=260&h=260,$5.80,$48.33 / 1KG,,, Add to cart , Save to list 
Steggles Margherita Pizza Flavour Family Roast Split Chicken Per Kg,https://www.woolworths.com.au/shop/productdetails/238739/steggles-margherita-pizza-flavour-family-roast-split-chicken,,https://assets.woolworths.com.au/images/1005/238739.jpg?impolicy=wowsmkqiema&w=260&h=260,,,,,, Save to list 
Maggie Beer Vintage Club Cheddar Aged 12+ Months 150g,https://www.woolworths.com.au/shop/productdetails/237510/maggie-beer-vintage-club-cheddar-aged-12-months,https://www.woolworths.com.au/content/promotiontags/roundel-special-200x200.png,https://assets.woolworths.com.au/images/1005/237510.jpg?impolicy=wowsmkqiema&w=260&h=260,$5.75,$38.33 / 1KG,,, Add to cart , Save to list 
Mayfair Knob Ham & Chicken 1kg,https://www.woolworths.com.au/shop/productdetails/125475/mayfair-knob-ham-chicken,,https://assets.woolworths.com.au/images/1005/125475.jpg?impolicy=wowsmkqiema&w=260&h=260,$3.50,$3.50 / 1KG,,, Add to cart , Save to list 
Maggie Beer Traditional Camembert 200g,https://www.woolworths.com.au/shop/productdetails/691289/maggie-beer-traditional-camembert,https://www.woolworths.com.au/content/promotiontags/roundel-special-200x200.png,https://assets.woolworths.com.au/images/1005/691289.jpg?impolicy=wowsmkqiema&w=260&h=260,$8.30,$41.50 / 1KG,,, Add to cart , Save to list 
Woolworths Bbq Applewood Smoke Infused Half Chicken & Ranch Dressing 680g,https://www.woolworths.com.au/shop/productdetails/213857/woolworths-bbq-applewood-smoke-infused-half-chicken-ranch-dressing,,https://assets.woolworths.com.au/images/1005/213857.jpg?impolicy=wowsmkqiema&w=260&h=260,$11.00,$16.18 / 1KG,4.3,45, Add to cart , Save to list 
San Marino Snackertaining Prosciutto & Mozzarella 85g,https://www.woolworths.com.au/shop/productdetails/140718/san-marino-snackertaining-prosciutto-mozzarella,,https://assets.woolworths.com.au/images/1005/140718.jpg?impolicy=wowsmkqiema&w=260&h=260,$8.00,$94.12 / 1KG,,, Add to cart , Save to list 
"Chris' Heritage Dips Blue Cheese, Fig & Pistachio 170g",https://www.woolworths.com.au/shop/productdetails/823695/chris-heritage-dips-blue-cheese-fig-pistachio,https://www.woolworths.com.au/content/promotiontags/roundel-special-200x200.png,https://assets.woolworths.com.au/images/1005/823695.jpg?impolicy=wowsmkqiema&w=260&h=260,$7.00,$4.12 / 100G,,, Add to cart , Save to list 
Igor Gorgonzola Casaleonardi 195g,https://www.woolworths.com.au/shop/productdetails/146232/igor-gorgonzola-casaleonardi,,https://assets.woolworths.com.au/images/1005/146232.jpg?impolicy=wowsmkqiema&w=260&h=260,$8.50,$43.59 / 1KG,,, Add to cart , Save to list 
Miguel Maestre Australian Free Range Chorizo Sticks 100g,https://www.woolworths.com.au/shop/productdetails/214505/miguel-maestre-australian-free-range-chorizo-sticks,,https://assets.woolworths.com.au/images/1005/214505.jpg?impolicy=wowsmkqiema&w=260&h=260,$9.00,$90.00 / 1KG,,, Add to cart , Save to list 
Woolworths Roast Lamb Rack 550g - 1.2kg,https://www.woolworths.com.au/shop/productdetails/765074/woolworths-roast-lamb-rack,,https://assets.woolworths.com.au/images/1005/765074.jpg?impolicy=wowsmkqiema&w=260&h=260,,,,,, Save to list 
Bertocchi Authentic Leg Ham Boneless 500g - 1kg,https://www.woolworths.com.au/shop/productdetails/255174/bertocchi-authentic-leg-ham-boneless,,https://assets.woolworths.com.au/images/1005/255174.jpg?impolicy=wowsmkqiema&w=260&h=260,$22.50,$22.50 / 1KG,,, Add to cart , Save to list 
Mersey Valley Pickled Onion Cheddar Cheese 235g,https://www.woolworths.com.au/shop/productdetails/250852/mersey-valley-pickled-onion-cheddar-cheese,,https://assets.woolworths.com.au/images/1005/250852.jpg?impolicy=wowsmkqiema&w=260&h=260,$9.90,$42.13 / 1KG,,, Add to cart , Save to list 
Woolworths Rspca Approved Chicken Drumstick Fillet Per Kg,https://www.woolworths.com.au/shop/productdetails/148912/woolworths-rspca-approved-chicken-drumstick-fillet,,https://assets.woolworths.com.au/images/1005/148912.jpg?impolicy=wowsmkqiema&w=260&h=260,,,,,, Save to list 
Woolworths Cook Boneless Chicken Fillets Drumstick Paprika & Chilli 500g,https://www.woolworths.com.au/shop/productdetails/81616/woolworths-cook-boneless-chicken-fillets-drumstick-paprika-chilli,https://www.woolworths.com.au/content/promotiontags/roundel-buy-more-save-more-200x200.png,https://assets.woolworths.com.au/images/1005/81616.jpg?impolicy=wowsmkqiema&w=260&h=260,$8.00,$16.00 / 1KG,4.3,174, Add to cart , Save to list 
Fresh Tasmanian Atlantic Salmon Side Skin On Per Kg,https://www.woolworths.com.au/shop/productdetails/757171/fresh-tasmanian-atlantic-salmon-side-skin-on,,https://assets.woolworths.com.au/images/1005/757171.jpg?impolicy=wowsmkqiema&w=260&h=260,,,,,, Save to list 
Jarlsberg Wedge 230g,https://www.woolworths.com.au/shop/productdetails/161629/jarlsberg-wedge,,https://assets.woolworths.com.au/images/1005/161629.jpg?impolicy=wowsmkqiema&w=260&h=260,$9.85,$42.83 / 1KG,,, Add to cart , Save to list 
Woolworths Beef Brisket Bones 1kg - 1.65kg,https://www.woolworths.com.au/shop/productdetails/263379/woolworths-beef-brisket-bones,,https://assets.woolworths.com.au/images/1005/263379.jpg?impolicy=wowsmkqiema&w=260&h=260,,,,,, Save to list 
Woolworths Cook Pork & Fennel Sausage Roll 600g,https://www.woolworths.com.au/shop/productdetails/190661/woolworths-cook-pork-fennel-sausage-roll,,https://assets.woolworths.com.au/images/1005/190661.jpg?impolicy=wowsmkqiema&w=260&h=260,$9.00,$15.00 / 1KG,4.5,10, Add to cart , Save to list 
Macro Organic Beef Scotch Fillet 200g - 350g,https://www.woolworths.com.au/shop/productdetails/109736/macro-organic-beef-scotch-fillet,https://www.woolworths.com.au/content/promotiontags/roundel-special-200x200.png,https://assets.woolworths.com.au/images/1005/109736.jpg?impolicy=wowsmkqiema&w=260&h=260,$19.95,$57.00 / 1KG,,, Add to cart , Save to list 
Primo Bacon Lean Shortcut 350g,https://www.woolworths.com.au/shop/productdetails/202497/primo-bacon-lean-shortcut,,https://assets.woolworths.com.au/images/1005/202497.jpg?impolicy=wowsmkqiema&w=260&h=260,$8.75,$25.00 / 1KG,,, Add to cart , Save to list 
Castello Extra Creamy Mild Blue Cheese 100g,https://www.woolworths.com.au/shop/productdetails/308976/castello-extra-creamy-mild-blue-cheese,,https://assets.woolworths.com.au/images/1005/308976.jpg?impolicy=wowsmkqiema&w=260&h=260,$5.80,$58.00 / 1KG,,, Add to cart , Save to list 
Frico Gouda Wedge 265g,https://www.woolworths.com.au/shop/productdetails/715950/frico-gouda-wedge,,https://assets.woolworths.com.au/images/1005/715950.jpg?impolicy=wowsmkqiema&w=260&h=260,$9.50,$36.54 / 1KG,,, Add to cart , Save to list 
Woolworths Lamb Offcut 4-6 Pieces 650g - 1.2kg,https://www.woolworths.com.au/shop/productdetails/765012/woolworths-lamb-offcut-4-6-pieces,,https://assets.woolworths.com.au/images/1005/765012.jpg?impolicy=wowsmkqiema&w=260&h=260,,,3.9,230,, Save to list 
Birds Eye Ocean Selections Barramundi Fish Fillet Skin On Korean Bbq 2 Pack,https://www.woolworths.com.au/shop/productdetails/187163/birds-eye-ocean-selections-barramundi-fish-fillet-skin-on-korean-bbq,,https://assets.woolworths.com.au/images/1005/187163.jpg?impolicy=wowsmkqiema&w=260&h=260,,,,,, Save to list 
Woolworths Cook Pork Belly 400g - 700g,https://www.woolworths.com.au/shop/productdetails/78574/woolworths-cook-pork-belly,,https://assets.woolworths.com.au/images/1005/78574.jpg?impolicy=wowsmkqiema&w=260&h=260,,,3.9,14,, Save to list 
Woolworths Antipasto & Cheese Platter 380g,https://www.woolworths.com.au/shop/productdetails/109013/woolworths-antipasto-cheese-platter,,https://assets.woolworths.com.au/images/1005/109013.jpg?impolicy=wowsmkqiema&w=260&h=260,$16.50,$43.42 / 1KG,3.4,456, Add to cart , Save to list 
Woolworths Chargrilled Marinated Artichokes 120g,https://www.woolworths.com.au/shop/productdetails/40174/woolworths-chargrilled-marinated-artichokes,,https://assets.woolworths.com.au/images/1005/40174.jpg?impolicy=wowsmkqiema&w=260&h=260,$4.00,$3.33 / 100G,3.5,363, Add to cart , Save to list 
Asp Scottish Kippers 335g,https://www.woolworths.com.au/shop/productdetails/140267/asp-scottish-kippers,,https://assets.woolworths.com.au/images/1005/140267.jpg?impolicy=wowsmkqiema&w=260&h=260,$8.00,$23.88 / 1KG,,, Add to cart , Save to list 
Mersey Valley Extra Tasty Cheese 180g,https://www.woolworths.com.au/shop/productdetails/302096/mersey-valley-extra-tasty-cheese,,https://assets.woolworths.com.au/images/1005/302096.jpg?impolicy=wowsmkqiema&w=260&h=260,$8.70,$48.33 / 1KG,,, Add to cart , Save to list 
Meredith Dairy Dill Cheese 150g,https://www.woolworths.com.au/shop/productdetails/330227/meredith-dairy-dill-cheese,,https://assets.woolworths.com.au/images/1005/330227.jpg?impolicy=wowsmkqiema&w=260&h=260,$9.00,$60.00 / 1KG,,, Add to cart , Save to list 
Woolworths Bbq Pulled Pork Burger Kit 700g,https://www.woolworths.com.au/shop/productdetails/212746/woolworths-bbq-pulled-pork-burger-kit,,https://assets.woolworths.com.au/images/1005/212746.jpg?impolicy=wowsmkqiema&w=260&h=260,$16.50,$23.57 / 1KG,4.3,38, Add to cart , Save to list 
Normandie Pate Pods Mixed Pack 200g,https://www.woolworths.com.au/shop/productdetails/784926/normandie-pate-pods-mixed-pack,,https://assets.woolworths.com.au/images/1005/784926.jpg?impolicy=wowsmkqiema&w=260&h=260,$6.90,$34.50 / 1KG,,, Add to cart , Save to list 
Ingham's Chicken Portion Pieces Gourmet Roasting 1.5kg - 2kg,https://www.woolworths.com.au/shop/productdetails/178774/ingham-s-chicken-portion-pieces-gourmet-roasting,,https://assets.woolworths.com.au/images/1005/178774.jpg?impolicy=wowsmkqiema&w=260&h=260,$19.00,$9.50 / 1KG,,, Add to cart , Save to list 
Maggie Beer Quince & Champagne Paste 100g,https://www.woolworths.com.au/shop/productdetails/180344/maggie-beer-quince-champagne-paste,https://www.woolworths.com.au/content/promotiontags/roundel-special-200x200.png,https://assets.woolworths.com.au/images/1005/180344.jpg?impolicy=wowsmkqiema&w=260&h=260,$5.00,$5.00 / 100G,,, Add to cart , Save to list 
Woolworths Angus Beef Chuck Burgers 2 Pack,https://www.woolworths.com.au/shop/productdetails/214167/woolworths-angus-beef-chuck-burgers,,https://assets.woolworths.com.au/images/1005/214167.jpg?impolicy=wowsmkqiema&w=260&h=260,$7.50,$26.79 / 1KG,5.0,1, Add to cart , Save to list 
Woolworths Pork Loin Cutlets Medium 400g - 700g,https://www.woolworths.com.au/shop/productdetails/692999/woolworths-pork-loin-cutlets-medium,https://www.woolworths.com.au/content/promotiontags/australian-pork-roundel-200x200.png,https://assets.woolworths.com.au/images/1005/692999.jpg?impolicy=wowsmkqiema&w=260&h=260,$14.70,$21.00 / 1KG,,, Add to cart , Save to list 
South Cape Sweet Chilli Cream Cheese 200g,https://www.woolworths.com.au/shop/productdetails/677235/south-cape-sweet-chilli-cream-cheese,,https://assets.woolworths.com.au/images/1005/677235.jpg?impolicy=wowsmkqiema&w=260&h=260,$6.50,$32.50 / 1KG,,, Add to cart , Save to list 
Normandie Pate Chicken With Cognac 150g,https://www.woolworths.com.au/shop/productdetails/30035/normandie-pate-chicken-with-cognac,,https://assets.woolworths.com.au/images/1005/30035.jpg?impolicy=wowsmkqiema&w=260&h=260,$4.80,$32.00 / 1KG,,, Add to cart , Save to list 
Ocean Chef Flathead In Crunchy Batter 500g,https://www.woolworths.com.au/shop/productdetails/5371/ocean-chef-flathead-in-crunchy-batter,,https://assets.woolworths.com.au/images/1005/5371.jpg?impolicy=wowsmkqiema&w=260&h=260,$12.00,$24.00 / 1KG,5.0,1, Add to cart , Save to list 
Beef Rib Eye Bone In 230g - 500g,https://www.woolworths.com.au/shop/productdetails/236847/beef-rib-eye-bone-in,https://www.woolworths.com.au/content/promotiontags/australian-beef-roundel-200x200.png,https://assets.woolworths.com.au/images/1005/236847.jpg?impolicy=wowsmkqiema&w=260&h=260,$20.00,$40.00 / 1KG,,, Add to cart , Save to list 
Castello Marinated Fetta Cubes 265g,https://www.woolworths.com.au/shop/productdetails/95977/castello-marinated-fetta-cubes,,https://assets.woolworths.com.au/images/1005/95977.jpg?impolicy=wowsmkqiema&w=260&h=260,$7.00,$26.42 / 1KG,,, Add to cart , Save to list 
Woolworths Greek Mix 120g,https://www.woolworths.com.au/shop/productdetails/40167/woolworths-greek-mix,,https://assets.woolworths.com.au/images/1005/40167.jpg?impolicy=wowsmkqiema&w=260&h=260,$4.00,$3.33 / 100G,3.9,711, Add to cart , Save to list 
Tropic Co Australian Cooked Tiger Prawns 475g,https://www.woolworths.com.au/shop/productdetails/270032/tropic-co-australian-cooked-tiger-prawns,,https://assets.woolworths.com.au/images/1005/270032.jpg?impolicy=wowsmkqiema&w=260&h=260,$16.00,$33.68 / 1KG,,, Add to cart , Save to list 
Bergbaron Reserve Cheese 200g,https://www.woolworths.com.au/shop/productdetails/238740/bergbaron-reserve-cheese,,https://assets.woolworths.com.au/images/1005/238740.jpg?impolicy=wowsmkqiema&w=260&h=260,$7.00,$35.00 / 1KG,,, Add to cart , Save to list 
Macro Organic Classic Beef Meatballs 400g,https://www.woolworths.com.au/shop/productdetails/133858/macro-organic-classic-beef-meatballs,,https://assets.woolworths.com.au/images/1005/133858.jpg?impolicy=wowsmkqiema&w=260&h=260,,,,,, Save to list 
Gotzinger Black Pudding 300g,https://www.woolworths.com.au/shop/productdetails/803617/gotzinger-black-pudding,,https://assets.woolworths.com.au/images/1005/803617.jpg?impolicy=wowsmkqiema&w=260&h=260,$7.15,$23.83 / 1KG,,, Add to cart , Save to list 
Yarra Valley Cheese Salted Honey Cow 120g,https://www.woolworths.com.au/shop/productdetails/638913/yarra-valley-cheese-salted-honey-cow,,https://assets.woolworths.com.au/images/1005/638913.jpg?impolicy=wowsmkqiema&w=260&h=260,$5.90,$49.17 / 1KG,,, Add to cart , Save to list 
South Cape White Wine Matched Selection 320g,https://www.woolworths.com.au/shop/productdetails/710998/south-cape-white-wine-matched-selection,,https://assets.woolworths.com.au/images/1005/710998.jpg?impolicy=wowsmkqiema&w=260&h=260,$17.00,$53.13 / 1KG,,, Add to cart , Save to list 
Mon Ami French Camembert Cheese 200g,https://www.woolworths.com.au/shop/productdetails/751148/mon-ami-french-camembert-cheese,,https://assets.woolworths.com.au/images/1005/751148.jpg?impolicy=wowsmkqiema&w=260&h=260,$6.40,$32.00 / 1KG,,, Add to cart , Save to list 
Woolworths Lamb Eye Of Loin 190g - 450g,https://www.woolworths.com.au/shop/productdetails/799041/woolworths-lamb-eye-of-loin,,https://assets.woolworths.com.au/images/1005/799041.jpg?impolicy=wowsmkqiema&w=260&h=260,,,,,, Save to list 
Delre Sweberg Swiss Per Kg,https://www.woolworths.com.au/shop/productdetails/241656/delre-sweberg-swiss,,https://assets.woolworths.com.au/images/1005/241656.jpg?impolicy=wowsmkqiema&w=260&h=260,$26.00,$26.00 / 1KG,,, Add to cart , Save to list 
Maggie Beer Pheasant Farm Pate 120g,https://www.woolworths.com.au/shop/productdetails/6753/maggie-beer-pheasant-farm-pate-pheasant-farm,https://www.woolworths.com.au/content/promotiontags/roundel-special-200x200.png,https://assets.woolworths.com.au/images/1005/6753.jpg?impolicy=wowsmkqiema&w=260&h=260,$5.80,$48.33 / 1KG,,, Add to cart , Save to list 
Barramundi Skin Off Fillets Bag & Bake Teriyaki Ginger Per Kg,https://www.woolworths.com.au/shop/productdetails/859131/barramundi-skin-off-fillets-bag-bake-teriyaki-ginger,https://www.woolworths.com.au/content/promotiontags/roundel-special-200x200.png,https://assets.woolworths.com.au/images/1005/859131.jpg?impolicy=wowsmkqiema&w=260&h=260,$33.00,$33.00 / 1KG,,, Add to cart , Save to list 
Woolworths Green Olives Lemongrass & Chilli 110g,https://www.woolworths.com.au/shop/productdetails/122382/woolworths-green-olives-lemongrass-chilli,,https://assets.woolworths.com.au/images/1005/122382.jpg?impolicy=wowsmkqiema&w=260&h=260,$4.00,$3.64 / 100G,,, Add to cart , Save to list 
Frico Gouda Cumin Wedge 265g,https://www.woolworths.com.au/shop/productdetails/715951/frico-gouda-cumin-wedge,https://www.woolworths.com.au/content/promotiontags/roundel-special-200x200.png,https://assets.woolworths.com.au/images/1005/715951.jpg?impolicy=wowsmkqiema&w=260&h=260,$7.80,$30.59 / 1KG,,, Add to cart , Save to list 
Mersey Valley Club Cheddar Vintage Summer Fruits 80g,https://www.woolworths.com.au/shop/productdetails/238249/mersey-valley-club-cheddar-vintage-summer-fruits,https://www.woolworths.com.au/content/promotiontags/roundel-buy-more-save-more-200x200.png,https://assets.woolworths.com.au/images/1005/238249.jpg?impolicy=wowsmkqiema&w=260&h=260,$4.80,$60.00 / 1KG,,, Add to cart , Save to list 
Mersey Valley Jalapeno Cheese 80g,https://www.woolworths.com.au/shop/productdetails/98090/mersey-valley-jalapeno-cheese,https://www.woolworths.com.au/content/promotiontags/roundel-buy-more-save-more-200x200.png,https://assets.woolworths.com.au/images/1005/98090.jpg?impolicy=wowsmkqiema&w=260&h=260,$4.80,$60.00 / 1KG,,, Add to cart , Save to list 
Thomas Dux Le Gruyere Cheese 150g,https://www.woolworths.com.au/shop/productdetails/140164/thomas-dux-le-gruyere-cheese,,https://assets.woolworths.com.au/images/1005/140164.jpg?impolicy=wowsmkqiema&w=260&h=260,$9.50,$63.33 / 1KG,4.4,1376, Add to cart , Save to list 
Chris' Hommus Dip & Middle Eastern Dukkah 170g,https://www.woolworths.com.au/shop/productdetails/239839/chris-hommus-dip-middle-eastern-dukkah,https://www.woolworths.com.au/content/promotiontags/roundel-special-200x200.png,https://assets.woolworths.com.au/images/1005/239839.jpg?impolicy=wowsmkqiema&w=260&h=260,$5.50,$3.24 / 100G,,, Add to cart , Save to list 
Hans Polish 375g,https://www.woolworths.com.au/shop/productdetails/546878/hans-polish,,https://assets.woolworths.com.au/images/1005/546878.jpg?impolicy=wowsmkqiema&w=260&h=260,$4.90,$13.07 / 1KG,,, Add to cart , Save to list 
Macro Free Range Chicken Roasting Portions Portugese Style 1kg - 1.3kg,https://www.woolworths.com.au/shop/productdetails/755470/macro-free-range-chicken-roasting-portions-portugese-style,,https://assets.woolworths.com.au/images/1005/755470.jpg?impolicy=wowsmkqiema&w=260&h=260,$13.65,$10.50 / 1KG,4.4,343, Add to cart , Save to list 
Three Aussie Farmers Case Bacon Hock 650g - 950g,https://www.woolworths.com.au/shop/productdetails/470962/three-aussie-farmers-case-bacon-hock,,https://assets.woolworths.com.au/images/1005/470962.jpg?impolicy=wowsmkqiema&w=260&h=260,,,,,, Save to list 
Ocean Blue Mini Blinis 168g,https://www.woolworths.com.au/shop/productdetails/66249/ocean-blue-mini-blinis,,https://assets.woolworths.com.au/images/1005/66249.jpg?impolicy=wowsmkqiema&w=260&h=260,$5.80,$34.52 / 1KG,,, Add to cart , Save to list 
South Cape Cream Cheese Sweet Chilli 80g,https://www.woolworths.com.au/shop/productdetails/178450/south-cape-cream-cheese-sweet-chilli,https://www.woolworths.com.au/content/promotiontags/roundel-buy-more-save-more-200x200.png,https://assets.woolworths.com.au/images/1005/178450.jpg?impolicy=wowsmkqiema&w=260&h=260,$4.80,$60.00 / 1KG,,, Add to cart , Save to list 
Woolworths Cook Slow Cooked Beef Ribs In Sweet 'n' Smokey Bbq Sauce 800g - 1.3kg,https://www.woolworths.com.au/shop/productdetails/642961/woolworths-cook-slow-cooked-beef-ribs-in-sweet-n-smokey-bbq-sauce,,https://assets.woolworths.com.au/images/1005/642961.jpg?impolicy=wowsmkqiema&w=260&h=260,$31.20,$24.00 / 1KG,4.4,676, Add to cart , Save to list 
Fresh Ling Fillets Per Kg,https://www.woolworths.com.au/shop/productdetails/59907/fresh-ling-fillets,,https://assets.woolworths.com.au/images/1005/59907.jpg?impolicy=wowsmkqiema&w=260&h=260,,,,,, Save to list 
Bertocchi Mortadella 500g,https://www.woolworths.com.au/shop/productdetails/357350/bertocchi-mortadella,,https://assets.woolworths.com.au/images/1005/357350.jpg?impolicy=wowsmkqiema&w=260&h=260,$9.00,$18.00 / 1KG,,, Add to cart , Save to list 
Bertocchi Smoked Pork Bones Bulk 1kg,https://www.woolworths.com.au/shop/productdetails/477866/bertocchi-smoked-pork-bones-bulk,,https://assets.woolworths.com.au/images/1005/477866.jpg?impolicy=wowsmkqiema&w=260&h=260,,,,,, Save to list 
Woolworths Fresh Parmigianno Reggiano Cheese Wheel Per Kg,https://www.woolworths.com.au/shop/productdetails/369738/woolworths-fresh-parmigianno-reggiano-cheese-wheel,,https://assets.woolworths.com.au/images/1005/369738.jpg?impolicy=wowsmkqiema&w=260&h=260,$80.00,$80.00 / 1KG,,, Add to cart , Save to list 
Garlo's Curry Beef Pie 200g,https://www.woolworths.com.au/shop/productdetails/89097/garlo-s-curry-beef-pie-null,https://www.woolworths.com.au/content/promotiontags/roundel-special-200x200.png,https://assets.woolworths.com.au/images/1005/89097.jpg?impolicy=wowsmkqiema&w=260&h=260,$3.50,$1.75 / 100G,,, Add to cart , Save to list 
King Island Dairy Three Rivers Bay Triple Cream Brie Cheese 175g,https://www.woolworths.com.au/shop/productdetails/249784/king-island-dairy-three-rivers-bay-triple-cream-brie-cheese,,https://assets.woolworths.com.au/images/1005/249784.jpg?impolicy=wowsmkqiema&w=260&h=260,$14.90,$85.14 / 1KG,,, Add to cart , Save to list 
Thomas Dux Creamy Blue Cheese 200g,https://www.woolworths.com.au/shop/productdetails/124279/thomas-dux-creamy-blue-cheese,https://www.woolworths.com.au/content/promotiontags/royal-tasmanian-fine-food-awards-2022-bronze.png,https://assets.woolworths.com.au/images/1005/124279.jpg?impolicy=wowsmkqiema&w=260&h=260,$6.00,$30.00 / 1KG,4.3,910, Add to cart , Save to list 
180 Degrees Oat Crackers Walnut 150g,https://www.woolworths.com.au/shop/productdetails/289839/180-degrees-oat-crackers-walnut,,https://assets.woolworths.com.au/images/1005/289839.jpg?impolicy=wowsmkqiema&w=260&h=260,$5.50,$3.67 / 100G,,, Add to cart , Save to list 
Normandie Pate Chicken With Cointreau 150g,https://www.woolworths.com.au/shop/productdetails/64363/normandie-pate-chicken-with-cointreau,,https://assets.woolworths.com.au/images/1005/64363.jpg?impolicy=wowsmkqiema&w=260&h=260,$4.80,$32.00 / 1KG,,, Add to cart , Save to list 
Miguel Maestre Sliced Chorizo 100g,https://www.woolworths.com.au/shop/productdetails/652335/miguel-maestre-sliced-chorizo,,https://assets.woolworths.com.au/images/1005/652335.jpg?impolicy=wowsmkqiema&w=260&h=260,$9.00,$90.00 / 1KG,,, Add to cart , Save to list 
180 Degrees Parmesan Oat Crackers 135g,https://www.woolworths.com.au/shop/productdetails/61410/180-degrees-parmesan-oat-crackers,,https://assets.woolworths.com.au/images/1005/61410.jpg?impolicy=wowsmkqiema&w=260&h=260,$5.50,$4.07 / 100G,,, Add to cart , Save to list 
Fromager D'affinois Cheese Campagnier Per Kg,https://www.woolworths.com.au/shop/productdetails/877456/fromager-d-affinois-cheese-campagnier,,https://assets.woolworths.com.au/images/1005/877456.jpg?impolicy=wowsmkqiema&w=260&h=260,$95.00,$95.00 / 1KG,,, Add to cart , Save to list 
Homestead By Tasmanian Pate Duck Pate With Tasmanian Brandy 150g,https://www.woolworths.com.au/shop/productdetails/123008/homestead-by-tasmanian-pate-duck-pate-with-tasmanian-brandy,,https://assets.woolworths.com.au/images/1005/123008.jpg?impolicy=wowsmkqiema&w=260&h=260,$6.00,$40.00 / 1KG,,, Add to cart , Save to list 
D'orsogna Natural Chorizo Gluten Free Wood Smoked 200g,https://www.woolworths.com.au/shop/productdetails/212393/d-orsogna-natural-chorizo-gluten-free-wood-smoked,https://www.woolworths.com.au/content/promotiontags/project-harvest-roundel-1-for-1-v2-200x200.png,https://assets.woolworths.com.au/images/1005/212393.jpg?impolicy=wowsmkqiema&w=260&h=260,$7.00,$35.00 / 1KG,,, Add to cart , Save to list 
Gourmet Chef Chilli Mussel Sauce 450g,https://www.woolworths.com.au/shop/productdetails/802907/gourmet-chef-chilli-mussel-sauce,,https://assets.woolworths.com.au/images/1005/802907.jpg?impolicy=wowsmkqiema&w=260&h=260,$5.20,$11.56 / 1KG,,, Add to cart , Save to list 
Homestead By Tasmanian Pate Chicken Pate With Cracked Pepper 150g,https://www.woolworths.com.au/shop/productdetails/123995/homestead-by-tasmanian-pate-chicken-pate-with-cracked-pepper,,https://assets.woolworths.com.au/images/1005/123995.jpg?impolicy=wowsmkqiema&w=260&h=260,$6.00,$40.00 / 1KG,,, Add to cart , Save to list 
Thomas Dux Wensleydale & Cranberry 150g,https://www.woolworths.com.au/shop/productdetails/191041/thomas-dux-wensleydale-cranberry,,https://assets.woolworths.com.au/images/1005/191041.jpg?impolicy=wowsmkqiema&w=260&h=260,,,,,, Save to list 
Garlo's Lean Beef Pie 200g,https://www.woolworths.com.au/shop/productdetails/88999/garlo-s-lean-beef-pie-null,https://www.woolworths.com.au/content/promotiontags/roundel-special-200x200.png,https://assets.woolworths.com.au/images/1005/88999.jpg?impolicy=wowsmkqiema&w=260&h=260,$3.50,$1.75 / 100G,,, Add to cart , Save to list 
Castello Creamy Havarti 200g,https://www.woolworths.com.au/shop/productdetails/684255/castello-creamy-havarti,,https://assets.woolworths.com.au/images/1005/684255.jpg?impolicy=wowsmkqiema&w=260&h=260,$8.00,$40.00 / 1KG,,, Add to cart , Save to list 
Pioneer Poultry Smoked Chicken Breast Fillet 300g,https://www.woolworths.com.au/shop/productdetails/175741/pioneer-poultry-smoked-chicken-breast-fillet,,https://assets.woolworths.com.au/images/1005/175741.jpg?impolicy=wowsmkqiema&w=260&h=260,,,,,, Save to list 
Bertocchi Ham Leg Boneless 1.8kg,https://www.woolworths.com.au/shop/productdetails/359913/bertocchi-ham-leg-boneless,,https://assets.woolworths.com.au/images/1005/359913.jpg?impolicy=wowsmkqiema&w=260&h=260,$25.00,$13.89 / 1KG,5.0,1, Add to cart , Save to list 
Woolworths Cook Mild Mexican Inspired Pork Taco Kit 850g,https://www.woolworths.com.au/shop/productdetails/189421/woolworths-cook-mild-mexican-inspired-pork-taco-kit,,https://assets.woolworths.com.au/images/1005/189421.jpg?impolicy=wowsmkqiema&w=260&h=260,$16.50,$19.41 / 1KG,4.3,777, Add to cart , Save to list 
Mersey Valley Peppercorn Medley Cheddar Cheese 235g,https://www.woolworths.com.au/shop/productdetails/244154/mersey-valley-peppercorn-medley-cheddar-cheese,,https://assets.woolworths.com.au/images/1005/244154.jpg?impolicy=wowsmkqiema&w=260&h=260,$9.90,$42.13 / 1KG,,, Add to cart , Save to list 
Fresh Hoki Fillets Bag And Bake Teriyaki Ginger Per Kg,https://www.woolworths.com.au/shop/productdetails/859280/fresh-hoki-fillets-bag-and-bake-teriyaki-ginger,,https://assets.woolworths.com.au/images/1005/859280.jpg?impolicy=wowsmkqiema&w=260&h=260,$18.00,$18.00 / 1KG,,, Add to cart , Save to list 
King Island Dairy Cape Wickham Double Brie Cheese 200g,https://www.woolworths.com.au/shop/productdetails/40353/king-island-dairy-cape-wickham-double-brie-cheese,,https://assets.woolworths.com.au/images/1005/40353.jpg?impolicy=wowsmkqiema&w=260&h=260,$14.90,$74.50 / 1KG,,, Add to cart , Save to list 
Woolworths Mixed Colour Capsicum Per Kg,https://www.woolworths.com.au/shop/productdetails/143422/woolworths-mixed-colour-capsicum,,https://assets.woolworths.com.au/images/1005/143422.jpg?impolicy=wowsmkqiema&w=260&h=260,$24.00,$24.00 / 1KG,,, Add to cart , Save to list 
Woolworths Fresh Parmesan Grana Padano Cheese Wheel Per Kg,https://www.woolworths.com.au/shop/productdetails/369731/woolworths-fresh-parmesan-grana-padano-cheese-wheel,,https://assets.woolworths.com.au/images/1005/369731.jpg?impolicy=wowsmkqiema&w=260&h=260,$66.00,$66.00 / 1KG,,, Add to cart , Save to list 
D'orsogna Australian Dry Cured Ham From The Deli Per Kg,https://www.woolworths.com.au/shop/productdetails/177117/d-orsogna-australian-dry-cured-ham-from-the-deli,https://www.woolworths.com.au/content/promotiontags/project-harvest-roundel-1-for-1-v2-200x200.png,https://assets.woolworths.com.au/images/1005/177117.jpg?impolicy=wowsmkqiema&w=260&h=260,$37.00,$37.00 / 1KG,,, Add to cart , Save to list 
Miguel Maestre Australian Free Range Ham 100g,https://www.woolworths.com.au/shop/productdetails/214386/miguel-maestre-australian-free-range-ham,,https://assets.woolworths.com.au/images/1005/214386.jpg?impolicy=wowsmkqiema&w=260&h=260,$9.00,$90.00 / 1KG,,, Add to cart , Save to list 
Woolworths Chicken Breast With Japanese Inspired Citrus Core 500g,https://www.woolworths.com.au/shop/productdetails/213856/woolworths-chicken-breast-with-japanese-inspired-citrus-core,https://www.woolworths.com.au/content/promotiontags/roundel-special-200x200.png,https://assets.woolworths.com.au/images/1005/213856.jpg?impolicy=wowsmkqiema&w=260&h=260,$10.00,$20.00 / 1KG,4.1,284, Add to cart , Save to list 
Jervis Bay Shellfish Co Oysters Kilpatrick 6 Pack,https://www.woolworths.com.au/shop/productdetails/247662/blue-harvest-jervis-bay-shellfish-co-oysters-kilpatrick,,https://assets.woolworths.com.au/images/1005/247662.jpg?impolicy=wowsmkqiema&w=260&h=260,$19.00,,,, Add to cart , Save to list 
Tasmanian Heritage Mild Blue Cheese 120g,https://www.woolworths.com.au/shop/productdetails/347138/tasmanian-heritage-mild-blue-cheese,,https://assets.woolworths.com.au/images/1005/347138.jpg?impolicy=wowsmkqiema&w=260&h=260,$7.35,$61.25 / 1KG,,, Add to cart , Save to list 
Macro Organic Beef Rump Steak 200g - 400g,https://www.woolworths.com.au/shop/productdetails/109737/macro-organic-beef-rump-steak,https://www.woolworths.com.au/content/promotiontags/australian-beef-roundel-200x200.png,https://assets.woolworths.com.au/images/1005/109737.jpg?impolicy=wowsmkqiema&w=260&h=260,$18.00,$45.00 / 1KG,,, Add to cart , Save to list 
King Island Dairy Victoria Cove Smoked Camembert Cheese 200g,https://www.woolworths.com.au/shop/productdetails/67278/king-island-dairy-victoria-cove-smoked-camembert-cheese,,https://assets.woolworths.com.au/images/1005/67278.jpg?impolicy=wowsmkqiema&w=260&h=260,$14.90,$74.50 / 1KG,,, Add to cart , Save to list 
Snowdonia Black Bomber Vintage Cheddar Per Kg,https://www.woolworths.com.au/shop/productdetails/86523/snowdonia-black-bomber-vintage-cheddar,,https://assets.woolworths.com.au/images/1005/86523.jpg?impolicy=wowsmkqiema&w=260&h=260,$70.00,$70.00 / 1KG,,, Add to cart , Save to list 
Woolworths Sweet Baby Peppers With Cream Cheese 1kg,https://www.woolworths.com.au/shop/productdetails/54689/woolworths-sweet-baby-peppers-with-cream-cheese,,https://assets.woolworths.com.au/images/1005/54689.jpg?impolicy=wowsmkqiema&w=260&h=260,$39.98,$39.98 / 1KG,4.1,180, Add to cart , Save to list 
Chrystal Fresh Cheese Board Selection Selection 275g,https://www.woolworths.com.au/shop/productdetails/331692/chrystal-fresh-cheese-board-selection-selection,,https://assets.woolworths.com.au/images/1005/331692.jpg?impolicy=wowsmkqiema&w=260&h=260,$13.00,$47.27 / 1KG,,, Add to cart , Save to list 
Macro Organic Beef Stir Fry 300g - 750g,https://www.woolworths.com.au/shop/productdetails/109732/macro-organic-beef-stir-fry,https://www.woolworths.com.au/content/promotiontags/roundel-special-200x200.png,https://assets.woolworths.com.au/images/1005/109732.jpg?impolicy=wowsmkqiema&w=260&h=260,$23.25,$31.00 / 1KG,,, Add to cart , Save to list 
Thomas Dux Spanish Manchego From The Deli Per Kg,https://www.woolworths.com.au/shop/productdetails/139722/thomas-dux-spanish-manchego-from-the-deli,,https://assets.woolworths.com.au/images/1005/139722.jpg?impolicy=wowsmkqiema&w=260&h=260,$56.00,$56.00 / 1KG,4.1,136, Add to cart , Save to list 
Maggie Beer Caramelised Onion Club Cheddar Aged 12+ Months 150g,https://www.woolworths.com.au/shop/productdetails/237888/maggie-beer-caramelised-onion-club-cheddar-aged-12-months,https://www.woolworths.com.au/content/promotiontags/roundel-special-200x200.png,https://assets.woolworths.com.au/images/1005/237888.jpg?impolicy=wowsmkqiema&w=260&h=260,$5.75,$38.33 / 1KG,,, Add to cart , Save to list 
Woolworths Cook Chicken Breast Parcels With Spinach & Ricotta 500g,https://www.woolworths.com.au/shop/productdetails/82701/woolworths-cook-chicken-breast-parcels-with-spinach-ricotta,,https://assets.woolworths.com.au/images/1005/82701.jpg?impolicy=wowsmkqiema&w=260&h=260,$12.00,$24.00 / 1KG,4.2,465, Add to cart , Save to list 
Thomas Dux Aged Dutch Gouda 200g,https://www.woolworths.com.au/shop/productdetails/140170/thomas-dux-aged-dutch-gouda,,https://assets.woolworths.com.au/images/1005/140170.jpg?impolicy=wowsmkqiema&w=260&h=260,$7.00,$35.00 / 1KG,4.4,436, Add to cart , Save to list 
King Island Dairy Surprise Bay Cheddar Cheese 170g,https://www.woolworths.com.au/shop/productdetails/331719/king-island-dairy-surprise-bay-cheddar-cheese,,https://assets.woolworths.com.au/images/1005/331719.jpg?impolicy=wowsmkqiema&w=260&h=260,$10.95,$64.41 / 1KG,,, Add to cart , Save to list 
Will Studd Brillat Savarin 200g,https://www.woolworths.com.au/shop/productdetails/377170/will-studd-brillat-savarin,,https://assets.woolworths.com.au/images/1005/377170.jpg?impolicy=wowsmkqiema&w=260&h=260,$26.00,$130.00 / 1KG,,, Add to cart , Save to list 
Maggie Beer Fig & Gin Paste 100g,https://www.woolworths.com.au/shop/productdetails/238185/maggie-beer-fig-gin-paste,https://www.woolworths.com.au/content/promotiontags/roundel-special-200x200.png,https://assets.woolworths.com.au/images/1005/238185.jpg?impolicy=wowsmkqiema&w=260&h=260,$5.00,$50.00 / 1KG,,, Add to cart , Save to list 
Fresh Albacore Tuna Steaks Per Kg,https://www.woolworths.com.au/shop/productdetails/155864/fresh-albacore-tuna-steaks,,https://assets.woolworths.com.au/images/1005/155864.jpg?impolicy=wowsmkqiema&w=260&h=260,,,,,, Save to list 
Perfecto Chicken Kebabs Bbq 800g,https://www.woolworths.com.au/shop/productdetails/117078/perfecto-chicken-kebabs-bbq,,https://assets.woolworths.com.au/images/1005/117078.jpg?impolicy=wowsmkqiema&w=260&h=260,,,,,, Save to list 
Royal Bacon Co Bacon Ends 500g,https://www.woolworths.com.au/shop/productdetails/97477/royal-bacon-co-bacon-ends,,https://assets.woolworths.com.au/images/1005/97477.jpg?impolicy=wowsmkqiema&w=260&h=260,$8.00,$16.00 / 1KG,,, Add to cart , Save to list 
San Marino Snackertaining Spanish Cheese & Chorizo 100g,https://www.woolworths.com.au/shop/productdetails/179129/san-marino-snackertaining-spanish-cheese-chorizo,,https://assets.woolworths.com.au/images/1005/179129.jpg?impolicy=wowsmkqiema&w=260&h=260,$8.00,$80.00 / 1KG,,, Add to cart , Save to list 
Thomas Dux Club Cheddar Cheese 235g,https://www.woolworths.com.au/shop/productdetails/191040/thomas-dux-club-cheddar-cheese,,https://assets.woolworths.com.au/images/1005/191040.jpg?impolicy=wowsmkqiema&w=260&h=260,,,,,, Save to list 
Maggie Beer Fig & Walnut Paste 100g,https://www.woolworths.com.au/shop/productdetails/629974/maggie-beer-fig-walnut-paste,https://www.woolworths.com.au/content/promotiontags/roundel-special-200x200.png,https://assets.woolworths.com.au/images/1005/629974.jpg?impolicy=wowsmkqiema&w=260&h=260,$5.00,$50.00 / 1KG,,, Add to cart , Save to list 
Castello Double Cream Brie 300g,https://www.woolworths.com.au/shop/productdetails/110573/castello-double-cream-brie,,https://assets.woolworths.com.au/images/1005/110573.jpg?impolicy=wowsmkqiema&w=260&h=260,$14.50,$48.33 / 1KG,,, Add to cart , Save to list 
Pioneer Poultry Smoked Whole Chicken 1.1kg,https://www.woolworths.com.au/shop/productdetails/176455/pioneer-poultry-smoked-whole-chicken,,https://assets.woolworths.com.au/images/1005/176455.jpg?impolicy=wowsmkqiema&w=260&h=260,,,,,, Save to list 
Bertocchi Meaty Hock Smoked 800g - 1.3kg,https://www.woolworths.com.au/shop/productdetails/843231/bertocchi-meaty-hock-smoked,,https://assets.woolworths.com.au/images/1005/843231.jpg?impolicy=wowsmkqiema&w=260&h=260,,,,,, Save to list 
Steggles Chicken Frames 2kg,https://www.woolworths.com.au/shop/productdetails/25155/steggles-chicken-frames,,https://assets.woolworths.com.au/images/1005/25155.jpg?impolicy=wowsmkqiema&w=260&h=260,$11.00,$5.50 / 1KG,,, Add to cart , Save to list 
Chris' Deli Dip Basil Pesto 170g,https://www.woolworths.com.au/shop/productdetails/208907/chris-deli-dip-basil-pesto,,https://assets.woolworths.com.au/images/1005/208907.jpg?impolicy=wowsmkqiema&w=260&h=260,$7.50,$4.41 / 100G,,, Add to cart , Save to list 
San Marino Snackertaining Provolone & Felino Salami 100g,https://www.woolworths.com.au/shop/productdetails/179817/san-marino-snackertaining-provolone-felino-salami,,https://assets.woolworths.com.au/images/1005/179817.jpg?impolicy=wowsmkqiema&w=260&h=260,$8.00,$80.00 / 1KG,,, Add to cart , Save to list 
Thawed Imp Perch Nile Fillets Bag And Bake Teriyaki Ginger Per Kg,https://www.woolworths.com.au/shop/productdetails/859285/thawed-imp-perch-nile-fillets-bag-and-bake-teriyaki-ginger,,https://assets.woolworths.com.au/images/1005/859285.jpg?impolicy=wowsmkqiema&w=260&h=260,$17.00,$17.00 / 1KG,,, Add to cart , Save to list 
Macro Organic Beef Eye Fillet Steak 180g - 350g,https://www.woolworths.com.au/shop/productdetails/141727/macro-organic-beef-eye-fillet-steak,,https://assets.woolworths.com.au/images/1005/141727.jpg?impolicy=wowsmkqiema&w=260&h=260,,,,,, Save to list 
Hans Grazing Platter 292g,https://www.woolworths.com.au/shop/productdetails/218748/hans-grazing-platter,,https://assets.woolworths.com.au/images/1005/218748.jpg?impolicy=wowsmkqiema&w=260&h=260,$17.00,$58.22 / 1KG,,, Add to cart , Save to list 
Garlo's Beef & Mushroom Pie 200g,https://www.woolworths.com.au/shop/productdetails/89002/garlo-s-beef-mushroom-pie-null,https://www.woolworths.com.au/content/promotiontags/roundel-special-200x200.png,https://assets.woolworths.com.au/images/1005/89002.jpg?impolicy=wowsmkqiema&w=260&h=260,$4.00,$2.00 / 100G,,, Add to cart , Save to list 
From The Deli Platter For Two Each,https://www.woolworths.com.au/shop/productdetails/806856/from-the-deli-platter-for-two,,https://assets.woolworths.com.au/images/1005/806856.jpg?impolicy=wowsmkqiema&w=260&h=260,$20.00,,,, Add to cart , Save to list 
Fisher Bear Marinated Baby Octopus 280g,https://www.woolworths.com.au/shop/productdetails/117631/fisher-bear-marinated-baby-octopus,https://www.woolworths.com.au/content/promotiontags/roundel-special-200x200.png,https://assets.woolworths.com.au/images/1005/117631.jpg?impolicy=wowsmkqiema&w=260&h=260,$12.00,$4.29 / 100G,,, Add to cart , Save to list 
Mersey Valley Jalapeno Cheese 235g,https://www.woolworths.com.au/shop/productdetails/99054/mersey-valley-jalapeno-cheese,,https://assets.woolworths.com.au/images/1005/99054.jpg?impolicy=wowsmkqiema&w=260&h=260,$9.90,$42.13 / 1KG,,, Add to cart , Save to list 
Lamb Offal Liver 450g - 750g,https://www.woolworths.com.au/shop/productdetails/221144/woolworths-lamb-offal-liver,,https://assets.woolworths.com.au/images/1005/221144.jpg?impolicy=wowsmkqiema&w=260&h=260,,,,,, Save to list 
Ocean Chef Barramundi Portions Skin On 10 Pack,https://www.woolworths.com.au/shop/productdetails/247612/ocean-chef-barramundi-portions-skin-on,,https://assets.woolworths.com.au/images/1005/247612.jpg?impolicy=wowsmkqiema&w=260&h=260,$26.00,$26.00 / 1KG,,, Add to cart , Save to list 
Maggie Beer Chicken & Herb Pate 120g,https://www.woolworths.com.au/shop/productdetails/238099/maggie-beer-chicken-herb-pate,https://www.woolworths.com.au/content/promotiontags/roundel-special-200x200.png,https://assets.woolworths.com.au/images/1005/238099.jpg?impolicy=wowsmkqiema&w=260&h=260,$5.80,$48.33 / 1KG,,, Add to cart , Save to list 
Woolworths Rspca Approved Chicken Giblets 500g,https://www.woolworths.com.au/shop/productdetails/83171/woolworths-rspca-approved-chicken-giblets,https://www.woolworths.com.au/content/promotiontags/australian-chicken-roundel-200x200.png,https://assets.woolworths.com.au/images/1005/83171.jpg?impolicy=wowsmkqiema&w=260&h=260,$6.00,$6.00 / 1KG,,, Add to cart , Save to list 
Mon Pere Brie From The Deli Per Kg,https://www.woolworths.com.au/shop/productdetails/713500/mon-pere-brie-from-the-deli,,https://assets.woolworths.com.au/images/1005/713500.jpg?impolicy=wowsmkqiema&w=260&h=260,,,,,, Save to list 
Thomas Dux Oak Smoked Cheddar From The Deli Per Kg,https://www.woolworths.com.au/shop/productdetails/139763/thomas-dux-oak-smoked-cheddar-from-the-deli,,https://assets.woolworths.com.au/images/1005/139763.jpg?impolicy=wowsmkqiema&w=260&h=260,$50.00,$50.00 / 1KG,,, Add to cart , Save to list 
Woolworths Fresh Round Loaf Maasdam Cheese Per Kg,https://www.woolworths.com.au/shop/productdetails/369742/woolworths-fresh-round-loaf-maasdam-cheese,,https://assets.woolworths.com.au/images/1005/369742.jpg?impolicy=wowsmkqiema&w=260&h=260,$34.00,$34.00 / 1KG,,, Add to cart , Save to list 
Yarra Valley Persian Fetta Dill & Chives 180g,https://www.woolworths.com.au/shop/productdetails/239585/yarra-valley-persian-fetta-dill-chives,,https://assets.woolworths.com.au/images/1005/239585.jpg?impolicy=wowsmkqiema&w=260&h=260,$7.10,$39.44 / 1KG,,, Add to cart , Save to list 
Woolworths Cook Middle Eastern Inspired Chicken Pita Kit 850g,https://www.woolworths.com.au/shop/productdetails/189410/woolworths-cook-middle-eastern-inspired-chicken-pita-kit,,https://assets.woolworths.com.au/images/1005/189410.jpg?impolicy=wowsmkqiema&w=260&h=260,$16.50,$19.41 / 1KG,3.9,394, Add to cart , Save to list 
Bertocchi Ham Picnic Shoulder 3.3kg - 4.6kg,https://www.woolworths.com.au/shop/productdetails/709251/bertocchi-ham-picnic-shoulder,,https://assets.woolworths.com.au/images/1005/709251.jpg?impolicy=wowsmkqiema&w=260&h=260,$48.30,$10.50 / 1KG,,, Add to cart , Save to list 
Garlo's Family Pie Lean Beef 550g,https://www.woolworths.com.au/shop/productdetails/88508/garlo-s-family-pie-lean-beef-null,,https://assets.woolworths.com.au/images/1005/88508.jpg?impolicy=wowsmkqiema&w=260&h=260,$11.00,$2.00 / 100G,,, Add to cart , Save to list 
Just Caught Chilean Muscle Meat 1kg,https://www.woolworths.com.au/shop/productdetails/231378/just-caught-chilean-muscle-meat,,https://assets.woolworths.com.au/images/1005/231378.jpg?impolicy=wowsmkqiema&w=260&h=260,,,,,, Save to list 
Goolwa Pipico Whole Clam Chowder 575g,https://www.woolworths.com.au/shop/productdetails/91090/goolwa-pipico-whole-clam-chowder,,https://assets.woolworths.com.au/images/1005/91090.jpg?impolicy=wowsmkqiema&w=260&h=260,,,,,, Save to list 
Fresh Ling Fillets Bag And Bake Teriyaki Ginger Per Kg,https://www.woolworths.com.au/shop/productdetails/859283/fresh-ling-fillets-bag-and-bake-teriyaki-ginger,,https://assets.woolworths.com.au/images/1005/859283.jpg?impolicy=wowsmkqiema&w=260&h=260,$33.00,$33.00 / 1KG,,, Add to cart , Save to list 
Garlo's Chunky Steak Pie 200g,https://www.woolworths.com.au/shop/productdetails/89332/garlo-s-chunky-steak-pie-null,https://www.woolworths.com.au/content/promotiontags/roundel-special-200x200.png,https://assets.woolworths.com.au/images/1005/89332.jpg?impolicy=wowsmkqiema&w=260&h=260,$4.00,$2.00 / 100G,,, Add to cart , Save to list 
Garlo's Junior Beef Pies 12 Pack,https://www.woolworths.com.au/shop/productdetails/89241/garlo-s-junior-beef-pies-null,,https://assets.woolworths.com.au/images/1005/89241.jpg?impolicy=wowsmkqiema&w=260&h=260,$12.20,$1.61 / 100G,,, Add to cart , Save to list 
King Island Dairy Lighthouse Blue Cheese 200g,https://www.woolworths.com.au/shop/productdetails/217927/king-island-dairy-lighthouse-blue-cheese-cheese,,https://assets.woolworths.com.au/images/1005/217927.jpg?impolicy=wowsmkqiema&w=260&h=260,$14.90,$74.50 / 1KG,,, Add to cart , Save to list 
King Island Dairy Phoques Cove Camembert Cheese 200g,https://www.woolworths.com.au/shop/productdetails/6576/king-island-dairy-phoques-cove-camembert-cheese,,https://assets.woolworths.com.au/images/1005/6576.jpg?impolicy=wowsmkqiema&w=260&h=260,$14.90,$74.50 / 1KG,,, Add to cart , Save to list 
From The Deli Seafood Platter For Two Each,https://www.woolworths.com.au/shop/productdetails/785136/from-the-deli-seafood-platter-for-two,,https://assets.woolworths.com.au/images/1005/785136.jpg?impolicy=wowsmkqiema&w=260&h=260,$33.00,$33.00 / 1EA,,, Add to cart , Save to list 
Thomas Dux French Truffle Brie From The Deli Per Kg,https://www.woolworths.com.au/shop/productdetails/147693/thomas-dux-french-truffle-brie-from-the-deli,,https://assets.woolworths.com.au/images/1005/147693.jpg?impolicy=wowsmkqiema&w=260&h=260,$70.00,$70.00 / 1KG,,, Add to cart , Save to list 
Castello Double Cream Pink Pepper 150g,https://www.woolworths.com.au/shop/productdetails/154015/castello-double-cream-pink-pepper,,https://assets.woolworths.com.au/images/1005/154015.jpg?impolicy=wowsmkqiema&w=260&h=260,$8.00,$53.33 / 1KG,,, Add to cart , Save to list 
Maggie Beer Quince Paste With Syrup Chery & Dark Chocolate Topping 100g,https://www.woolworths.com.au/shop/productdetails/273893/maggie-beer-quince-paste-with-syrup-chery-dark-chocolate-topping,https://www.woolworths.com.au/content/promotiontags/roundel-special-200x200.png,https://assets.woolworths.com.au/images/1005/273893.jpg?impolicy=wowsmkqiema&w=260&h=260,$5.00,$50.00 / 1KG,,, Add to cart , Save to list 
Thomas Dux Goat Cheese Extra Matured 6 Months Per Kg,https://www.woolworths.com.au/shop/productdetails/171316/thomas-dux-goat-cheese-extra-matured-6-months,,https://assets.woolworths.com.au/images/1005/171316.jpg?impolicy=wowsmkqiema&w=260&h=260,$53.00,$53.00 / 1KG,3.9,89, Add to cart , Save to list 
Viking Platter Swedish Caviar 150g,https://www.woolworths.com.au/shop/productdetails/265616/viking-platter-swedish-caviar,,https://assets.woolworths.com.au/images/1005/265616.jpg?impolicy=wowsmkqiema&w=260&h=260,$6.00,$40.00 / 1KG,,, Add to cart , Save to list 
San Marino Cherrywood Smoked Ham 100g,https://www.woolworths.com.au/shop/productdetails/213947/san-marino-cherrywood-smoked-ham,,https://assets.woolworths.com.au/images/1005/213947.jpg?impolicy=wowsmkqiema&w=260&h=260,$7.50,$75.00 / 1KG,,, Add to cart , Save to list 
Seafood Entertaining Platter Each,https://www.woolworths.com.au/shop/productdetails/790770/from-the-deli-seafood-entertaining-platter,,https://assets.woolworths.com.au/images/1005/790770.jpg?impolicy=wowsmkqiema&w=260&h=260,$60.00,$60.00 / 1EA,,, Add to cart , Save to list 
Cheese Provolone Dolce From The Deli Per Kg,https://www.woolworths.com.au/shop/productdetails/379635/cheese-provolone-dolce-from-the-deli,,https://assets.woolworths.com.au/images/1005/379635.jpg?impolicy=wowsmkqiema&w=260&h=260,$45.00,$45.00 / 1KG,,, Add to cart , Save to list 
Woolworths Cook Japanese Inspired Maple & Miso Pork Bao Bun Kit 655g,https://www.woolworths.com.au/shop/productdetails/189422/woolworths-cook-japanese-inspired-maple-miso-pork-bao-bun-kit,,https://assets.woolworths.com.au/images/1005/189422.jpg?impolicy=wowsmkqiema&w=260&h=260,,,4.3,410,, Save to list 
180 Degrees Oat Crackers Hazelnut 150g,https://www.woolworths.com.au/shop/productdetails/289908/180-degrees-oat-crackers-hazelnut,,https://assets.woolworths.com.au/images/1005/289908.jpg?impolicy=wowsmkqiema&w=260&h=260,$5.50,$3.67 / 100G,,, Add to cart , Save to list 
Castello Mini Cheeses 19g X5 Pack,https://www.woolworths.com.au/shop/productdetails/176830/castello-mini-cheeses,,https://assets.woolworths.com.au/images/1005/176830.jpg?impolicy=wowsmkqiema&w=260&h=260,$6.30,$66.32 / 1KG,,, Add to cart , Save to list 
Woolworths Fresh Green Blue Swimmer Crab 1kg,https://www.woolworths.com.au/shop/productdetails/95722/woolworths-fresh-green-blue-swimmer-crab,,https://assets.woolworths.com.au/images/1005/95722.jpg?impolicy=wowsmkqiema&w=260&h=260,,,,,, Save to list 
Miguel Maestre Australian Free Range Chorizo Bites 100g,https://www.woolworths.com.au/shop/productdetails/179130/miguel-maestre-australian-free-range-chorizo-bites,,https://assets.woolworths.com.au/images/1005/179130.jpg?impolicy=wowsmkqiema&w=260&h=260,$9.55,$95.50 / 1KG,,, Add to cart , Save to list 
Ob Finest Parmesan Crisps 85g,https://www.woolworths.com.au/shop/productdetails/60468/ob-finest-parmesan-crisps,,https://assets.woolworths.com.au/images/1005/60468.jpg?impolicy=wowsmkqiema&w=260&h=260,$9.90,$11.65 / 100G,,, Add to cart , Save to list 
Macro Free Range Half Chicken In A Cumin & Coriander Rub 700g - 1.25kg,https://www.woolworths.com.au/shop/productdetails/225742/macro-free-range-half-chicken-in-a-cumin-coriander-rub,,https://assets.woolworths.com.au/images/1005/225742.jpg?impolicy=wowsmkqiema&w=260&h=260,$13.13,$10.50 / 1KG,4.1,33, Add to cart , Save to list 
Garlo's Junior Beef Sausage Rolls Chilled Meal 12 Pack,https://www.woolworths.com.au/shop/productdetails/88507/garlo-s-junior-beef-sausage-rolls-chilled-meal,,https://assets.woolworths.com.au/images/1005/88507.jpg?impolicy=wowsmkqiema&w=260&h=260,$12.20,$1.56 / 100G,,, Add to cart , Save to list 
Woolworths Fillets Thawed Freshwater Basa 5kg,https://www.woolworths.com.au/shop/productdetails/28943/woolworths-fillets-thawed-freshwater-basa,,https://assets.woolworths.com.au/images/1005/28943.jpg?impolicy=wowsmkqiema&w=260&h=260,,,,,, Save to list 
Woolworths Semi Dried Tomatoes With Fetta 1kg,https://www.woolworths.com.au/shop/productdetails/605121/woolworths-semi-dried-tomatoes-with-fetta,,https://assets.woolworths.com.au/images/1005/605121.jpg?impolicy=wowsmkqiema&w=260&h=260,$28.00,$28.00 / 1KG,4.2,293, Add to cart , Save to list 
Woolworths Thawed Extra Large Cooked Tiger Prawns 3kg,https://www.woolworths.com.au/shop/productdetails/814942/woolworths-thawed-extra-large-cooked-tiger-prawns,,https://assets.woolworths.com.au/images/1005/814942.jpg?impolicy=wowsmkqiema&w=260&h=260,,,,,, Save to list 
Jervis Bay Shellfish Co Handmade Oysters Mornay 6 Pack,https://www.woolworths.com.au/shop/productdetails/256252/blue-harvest-jervis-bay-shellfish-co-handmade-oysters-mornay,,https://assets.woolworths.com.au/images/1005/256252.jpg?impolicy=wowsmkqiema&w=260&h=260,$19.00,,,, Add to cart , Save to list 
Woolworths Jumbo Cooked Tiger Prawns 3kg,https://www.woolworths.com.au/shop/productdetails/751476/woolworths-jumbo-cooked-tiger-prawns,,https://assets.woolworths.com.au/images/1005/751476.jpg?impolicy=wowsmkqiema&w=260&h=260,,,,,, Save to list 
Le Dauphin Double Creme From The Deli Per Kg,https://www.woolworths.com.au/shop/productdetails/384962/le-dauphin-double-creme-from-the-deli,,https://assets.woolworths.com.au/images/1005/384962.jpg?impolicy=wowsmkqiema&w=260&h=260,$92.00,$92.00 / 1KG,,, Add to cart , Save to list 
Woolworths Fresh Dutch Log Smoked Cheese Per Kg,https://www.woolworths.com.au/shop/productdetails/369753/woolworths-fresh-dutch-log-smoked-cheese,,https://assets.woolworths.com.au/images/1005/369753.jpg?impolicy=wowsmkqiema&w=260&h=260,,,,,, Save to list 
Moondarra Apple & Cinnamon Honey & Almond Soft Cheese 120g,https://www.woolworths.com.au/shop/productdetails/238009/moondarra-apple-cinnamon-honey-almond-soft-cheese,https://www.woolworths.com.au/content/promotiontags/roundel-special-200x200.png,https://assets.woolworths.com.au/images/1005/238009.jpg?impolicy=wowsmkqiema&w=260&h=260,$3.50,$29.17 / 1KG,,, Add to cart , Save to list 
San Marino Hot Calabrese Salami 100g,https://www.woolworths.com.au/shop/productdetails/213241/san-marino-hot-calabrese-salami,,https://assets.woolworths.com.au/images/1005/213241.jpg?impolicy=wowsmkqiema&w=260&h=260,$7.50,$75.00 / 1KG,,, Add to cart , Save to list 
Boston Bay Mussels Hot Pot In Tomato Broth 600g,https://www.woolworths.com.au/shop/productdetails/164977/mussel,,https://assets.woolworths.com.au/images/1005/164977.jpg?impolicy=wowsmkqiema&w=260&h=260,$12.00,$20.00 / 1KG,,, Add to cart , Save to list 
Ocean Chef Hoki Fillets Manuka Honey & Green Pepper 600g,https://www.woolworths.com.au/shop/productdetails/202317/ocean-chef-hoki-fillets-manuka-honey-green-pepper,,https://assets.woolworths.com.au/images/1005/202317.jpg?impolicy=wowsmkqiema&w=260&h=260,$16.00,$26.67 / 1KG,,, Add to cart , Save to list 
Arlingtons Beetroot Hommus Snack Pot 95g,https://www.woolworths.com.au/shop/productdetails/804278/arlingtons-beetroot-hommus-snack-pot,https://www.woolworths.com.au/content/promotiontags/roundel-special-200x200.png,https://assets.woolworths.com.au/images/1005/804278.jpg?impolicy=wowsmkqiema&w=260&h=260,$3.00,$3.16 / 100G,,, Add to cart , Save to list 
La Vie De Chateau Emmantal Per Kg,https://www.woolworths.com.au/shop/productdetails/32685/la-vie-de-chateau-emmantal,,https://assets.woolworths.com.au/images/1005/32685.jpg?impolicy=wowsmkqiema&w=260&h=260,$40.00,$40.00 / 1KG,,, Add to cart , Save to list 
Woolworths Frozen Large Green Banana Prawns 5kg,https://www.woolworths.com.au/shop/productdetails/237193/woolworths-frozen-large-green-banana-prawns,,https://assets.woolworths.com.au/images/1005/237193.jpg?impolicy=wowsmkqiema&w=260&h=260,,,,,, Save to list 
Maggie Beer Mushroom & Pesto Vegetarian Pate 100g,https://www.woolworths.com.au/shop/productdetails/273645/maggie-beer-mushroom-pesto-vegetarian-pate,https://www.woolworths.com.au/content/promotiontags/roundel-special-200x200.png,https://assets.woolworths.com.au/images/1005/273645.jpg?impolicy=wowsmkqiema&w=260&h=260,$5.80,$58.00 / 1KG,,, Add to cart , Save to list 
Woolworths Fresh Yellowbelly Whole Flounder Per Kg,https://www.woolworths.com.au/shop/productdetails/46375/woolworths-fresh-yellowbelly-whole-flounder,,https://assets.woolworths.com.au/images/1005/46375.jpg?impolicy=wowsmkqiema&w=260&h=260,,,,,, Save to list 
Prawn Cocktail Cooked Tail On Thawed Per Kg,https://www.woolworths.com.au/shop/productdetails/218148/prawn-cocktail-cooked-tail-on-thawed,,https://assets.woolworths.com.au/images/1005/218148.jpg?impolicy=wowsmkqiema&w=260&h=260,,,,,, Save to list 
King Island Dairy Netherby Cove Camembert Per Kg,https://www.woolworths.com.au/shop/productdetails/370000/king-island-dairy-netherby-cove-camembert-cheese,,https://assets.woolworths.com.au/images/1005/370000.jpg?impolicy=wowsmkqiema&w=260&h=260,$70.00,$70.00 / 1KG,,, Add to cart , Save to list 
Hunter Belle Cheddar Cranberry & Pistachio 140g,https://www.woolworths.com.au/shop/productdetails/484504/hunter-belle-cheddar-cranberry-pistachio,https://www.woolworths.com.au/content/promotiontags/local-seals-nsw.png,https://assets.woolworths.com.au/images/1005/484504.jpg?impolicy=wowsmkqiema&w=260&h=260,$8.50,$60.71 / 1KG,,, Add to cart , Save to list 
Woolworths Fresh Ocean Jacket Whole Per Kg,https://www.woolworths.com.au/shop/productdetails/74477/woolworths-fresh-ocean-jacket-whole,,https://assets.woolworths.com.au/images/1005/74477.jpg?impolicy=wowsmkqiema&w=260&h=260,,,,,, Save to list 
Moira Mac's Rspca Chicken Bites Bbq From The Deli Per Kg,https://www.woolworths.com.au/shop/productdetails/216812/moira-mac-s-rspca-chicken-bites-bbq-from-the-deli,,https://assets.woolworths.com.au/images/1005/216812.jpg?impolicy=wowsmkqiema&w=260&h=260,,,,,, Save to list 
Woolworths Fresh Ocean Bigeye Fillets Perch 1kg,https://www.woolworths.com.au/shop/productdetails/95200/woolworths-fresh-ocean-bigeye-fillets-perch,,https://assets.woolworths.com.au/images/1005/95200.jpg?impolicy=wowsmkqiema&w=260&h=260,,,,,, Save to list 
King Island Dairy Seal Bay Triple Cream Brie Per Kg,https://www.woolworths.com.au/shop/productdetails/369595/king-island-dairy-seal-bay-triple-cream-brie,,https://assets.woolworths.com.au/images/1005/369595.jpg?impolicy=wowsmkqiema&w=260&h=260,$78.00,$78.00 / 1KG,,, Add to cart , Save to list 
Homestead By Tasmanian Pate Free Range Chicken Pate With Red Chilli 150g,https://www.woolworths.com.au/shop/productdetails/236766/homestead-by-tasmanian-pate-free-range-chicken-pate-with-red-chilli,,https://assets.woolworths.com.au/images/1005/236766.jpg?impolicy=wowsmkqiema&w=260&h=260,$6.00,,,, Add to cart , Save to list 
Thawed Medium Cooked Tiger Prawns 3kg,https://www.woolworths.com.au/shop/productdetails/422300/thawed-medium-cooked-tiger-prawns,,https://assets.woolworths.com.au/images/1005/422300.jpg?impolicy=wowsmkqiema&w=260&h=260,,,,,, Save to list 
Macro Free Range Lovely Legs In A Sweet Sumac Rub 4 Pack,https://www.woolworths.com.au/shop/productdetails/224791/macro-free-range-lovely-legs-in-a-sweet-sumac-rub,,https://assets.woolworths.com.au/images/1005/224791.jpg?impolicy=wowsmkqiema&w=260&h=260,$8.05,$28.75 / 1KG,4.0,40, Add to cart , Save to list 
Barbers Cheddar 1kg,https://www.woolworths.com.au/shop/productdetails/509413/barbers-cheddar,,https://assets.woolworths.com.au/images/1005/509413.jpg?impolicy=wowsmkqiema&w=260&h=260,$55.00,$55.00 / 1KG,,, Add to cart , Save to list 
Woolworths Crunchy Parmesan Chicken Breast Bites 400g,https://www.woolworths.com.au/shop/productdetails/212409/woolworths-crunchy-parmesan-chicken-breast-bites,,https://assets.woolworths.com.au/images/1005/212409.jpg?impolicy=wowsmkqiema&w=260&h=260,,,3.7,34,, Save to list 
Woolworths Triple Chicken Wrap 221g,https://www.woolworths.com.au/shop/productdetails/218365/woolworths-triple-chicken-wrap,,https://assets.woolworths.com.au/images/1005/218365.jpg?impolicy=wowsmkqiema&w=260&h=260,$9.00,$4.07 / 100G,,, Add to cart , Save to list 
Woolworths Monterey Jack Jalapeno Cheese Jalapeno Per Kg,https://www.woolworths.com.au/shop/productdetails/790594/woolworths-monterey-jack-jalapeno-cheese-jalapeno,,https://assets.woolworths.com.au/images/1005/790594.jpg?impolicy=wowsmkqiema&w=260&h=260,$39.00,$39.00 / 1KG,,, Add to cart , Save to list 
Snowdonia Red Storm Red Leicester Per Kg,https://www.woolworths.com.au/shop/productdetails/86359/snowdonia-red-storm-red-leicester,,https://assets.woolworths.com.au/images/1005/86359.jpg?impolicy=wowsmkqiema&w=260&h=260,$70.00,$70.00 / 1KG,,, Add to cart , Save to list 
Woolworths Fresh Mackerel Grey Cutlets Per Kg,https://www.woolworths.com.au/shop/productdetails/46279/woolworths-fresh-mackerel-grey-cutlets,,https://assets.woolworths.com.au/images/1005/46279.jpg?impolicy=wowsmkqiema&w=260&h=260,,,,,, Save to list 
D'orsogna Australian Ham Off The Bone 200g,https://www.woolworths.com.au/shop/productdetails/175847/d-orsogna-australian-ham-off-the-bone,,https://assets.woolworths.com.au/images/1005/175847.jpg?impolicy=wowsmkqiema&w=260&h=260,,,,,, Save to list 
Miguel Maestre Free Range Coppa 80g,https://www.woolworths.com.au/shop/productdetails/804064/miguel-maestre-free-range-coppa,,https://assets.woolworths.com.au/images/1005/804064.jpg?impolicy=wowsmkqiema&w=260&h=260,$10.00,$12.50 / 100G,,, Add to cart , Save to list 
Woolworths Mixed Olive Assortment Platter 290g,https://www.woolworths.com.au/shop/productdetails/161975/woolworths-mixed-olive-assortment-platter,,https://assets.woolworths.com.au/images/1005/161975.jpg?impolicy=wowsmkqiema&w=260&h=260,,,4.7,3,, Save to list 
Woolworths Sweet Chilli Chicken Wrap 175g,https://www.woolworths.com.au/shop/productdetails/218355/woolworths-sweet-chilli-chicken-wrap,,https://assets.woolworths.com.au/images/1005/218355.jpg?impolicy=wowsmkqiema&w=260&h=260,$8.00,$4.57 / 100G,,, Add to cart , Save to list 
Woolworths Chicken Caesar Wrap 190g,https://www.woolworths.com.au/shop/productdetails/218349/woolworths-chicken-caesar-wrap,,https://assets.woolworths.com.au/images/1005/218349.jpg?impolicy=wowsmkqiema&w=260&h=260,$8.00,$4.21 / 100G,,, Add to cart , Save to list 
Fior Di Tartufo Per Kg,https://www.woolworths.com.au/shop/productdetails/218750/fior-di-tartufo,,https://assets.woolworths.com.au/images/1005/218750.jpg?impolicy=wowsmkqiema&w=260&h=260,$46.00,$46.00 / 1KG,,, Add to cart , Save to list 
Hunter Belle Caramelised Onion & Thyme Cheddar 140g,https://www.woolworths.com.au/shop/productdetails/964668/hunter-belle-caramelised-onion-thyme-cheddar,https://www.woolworths.com.au/content/promotiontags/local-seals-nsw.png,https://assets.woolworths.com.au/images/1005/964668.jpg?impolicy=wowsmkqiema&w=260&h=260,$8.50,$60.71 / 1KG,,, Add to cart , Save to list 
Hunter Belle Cheddar Beer Cheese 140g,https://www.woolworths.com.au/shop/productdetails/964723/hunter-belle-cheddar-beer-cheese,,https://assets.woolworths.com.au/images/1005/964723.jpg?impolicy=wowsmkqiema&w=260&h=260,,,,,, Save to list 
Bertocchi Easy Carve Leg Ham 1.2kg - 1.6kg,https://www.woolworths.com.au/shop/productdetails/145398/bertocchi-easy-carve-leg-ham,,https://assets.woolworths.com.au/images/1005/145398.jpg?impolicy=wowsmkqiema&w=260&h=260,,,,,, Save to list 
King Island Dairy Surprise Bay Cheddar Cheese Per Kg,https://www.woolworths.com.au/shop/productdetails/370004/king-island-dairy-surprise-bay-cheddar-cheese,,https://assets.woolworths.com.au/images/1005/370004.jpg?impolicy=wowsmkqiema&w=260&h=260,$60.00,$60.00 / 1KG,,, Add to cart , Save to list 
Macro Free Range Australian Pork Spare Ribs 250g - 500g,https://www.woolworths.com.au/shop/productdetails/675674/macro-free-range-australian-pork-spare-ribs,,https://assets.woolworths.com.au/images/1005/675674.jpg?impolicy=wowsmkqiema&w=260&h=260,,,,,, Save to list 
Hunter Belle Mexicana Cheddar 140g,https://www.woolworths.com.au/shop/productdetails/964669/hunter-belle-mexicana-cheddar,https://www.woolworths.com.au/content/promotiontags/local-seals-nsw.png,https://assets.woolworths.com.au/images/1005/964669.jpg?impolicy=wowsmkqiema&w=260&h=260,$8.50,$60.71 / 1KG,,, Add to cart , Save to list 
Hunter Belle Briebelle Triple Cream Brie 140g,https://www.woolworths.com.au/shop/productdetails/116989/hunter-belle-briebelle-triple-cream-brie,,https://assets.woolworths.com.au/images/1005/116989.jpg?impolicy=wowsmkqiema&w=260&h=260,,,,,, Save to list 
San Marino Australian Turkey 80g,https://www.woolworths.com.au/shop/productdetails/214513/san-marino-australian-turkey,,https://assets.woolworths.com.au/images/1005/214513.jpg?impolicy=wowsmkqiema&w=260&h=260,$7.50,$93.75 / 1KG,,, Add to cart , Save to list 
Bodalla Tasmanian Pepperberry Cheddar 150g,https://www.woolworths.com.au/shop/productdetails/153371/bodalla-tasmanian-pepperberry-cheddar,,https://assets.woolworths.com.au/images/1005/153371.jpg?impolicy=wowsmkqiema&w=260&h=260,$8.00,$53.33 / 1KG,,, Add to cart , Save to list 
Macro Free Range Chicken Roast With Stuffing 1kg,https://www.woolworths.com.au/shop/productdetails/169879/macro-free-range-chicken-roast-with-stuffing,,https://assets.woolworths.com.au/images/1005/169879.jpg?impolicy=wowsmkqiema&w=260&h=260,,,,,, Save to list 
Hunter Belle Cheddar Cheese Fig 140g,https://www.woolworths.com.au/shop/productdetails/423811/hunter-belle-cheddar-cheese-fig,https://www.woolworths.com.au/content/promotiontags/local-seals-nsw.png,https://assets.woolworths.com.au/images/1005/423811.jpg?impolicy=wowsmkqiema&w=260&h=260,$7.45,$53.21 / 1KG,,, Add to cart , Save to list 
Hunter Belle Apple & Cranberry Cheese Platter Paste 140g,https://www.woolworths.com.au/shop/productdetails/180580/hunter-belle-apple-cranberry-cheese-platter-paste,,https://assets.woolworths.com.au/images/1005/180580.jpg?impolicy=wowsmkqiema&w=260&h=260,$7.45,$5.32 / 100G,,, Add to cart , Save to list 
Woolworths Smoky Chipotle Chicken Wrap 183g,https://www.woolworths.com.au/shop/productdetails/218352/woolworths-smoky-chipotle-chicken-wrap,,https://assets.woolworths.com.au/images/1005/218352.jpg?impolicy=wowsmkqiema&w=260&h=260,$8.00,$4.37 / 100G,,, Add to cart , Save to list 
Woolworths Meat Feast Roll 172g,https://www.woolworths.com.au/shop/productdetails/218359/woolworths-meat-feast-roll,,https://assets.woolworths.com.au/images/1005/218359.jpg?impolicy=wowsmkqiema&w=260&h=260,,,,,, Save to list 
Udder Delights Double Cream Brie 450g,https://www.woolworths.com.au/shop/productdetails/247603/udder-delights-double-cream-brie,,https://assets.woolworths.com.au/images/1005/247603.jpg?impolicy=wowsmkqiema&w=260&h=260,,,,,, Save to list 
Don Green Stuffed Olives Chilli & Garlic Per Kg,https://www.woolworths.com.au/shop/productdetails/732914/don-green-stuffed-olives-chilli-garlic,,https://assets.woolworths.com.au/images/1005/732914.jpg?impolicy=wowsmkqiema&w=260&h=260,,,,,, Save to list 
Woolworths Extra Large Cooked Australian Tiger Prawns Thawed Per Kg,https://www.woolworths.com.au/shop/productdetails/777530/woolworths-extra-large-cooked-australian-tiger-prawns-thawed,,https://assets.woolworths.com.au/images/1005/777530.jpg?impolicy=wowsmkqiema&w=260&h=260,,,,,, Save to list 
Bundaberg Seafood Processors Queensland Frozen Half Shell Scallops 4 Dozen Each,https://www.woolworths.com.au/shop/productdetails/15593/bundaberg-seafood-processors-queensland-frozen-half-shell-scallops-4-dozen,,https://assets.woolworths.com.au/images/1005/15593.jpg?impolicy=wowsmkqiema&w=260&h=260,,,,,, Save to list 
Supafin Seafoods Blue Grenadier Crumbed Fillets 260g,https://www.woolworths.com.au/shop/productdetails/226409/supafin-seafoods-blue-grenadier-crumbed-fillets,,https://assets.woolworths.com.au/images/1005/226409.jpg?impolicy=wowsmkqiema&w=260&h=260,,,,,, Save to list 
Supafin Seafoods Crumbed Prawns 200g,https://www.woolworths.com.au/shop/productdetails/225890/supafin-seafoods-crumbed-prawns,,https://assets.woolworths.com.au/images/1005/225890.jpg?impolicy=wowsmkqiema&w=260&h=260,,,,,, Save to list 
Woolworths Thawed Seafood Marinara Mix Salad 5kg,https://www.woolworths.com.au/shop/productdetails/340199/woolworths-thawed-seafood-marinara-mix-salad,,https://assets.woolworths.com.au/images/1005/340199.jpg?impolicy=wowsmkqiema&w=260&h=260,,,,,, Save to list 
Goolwa Pipico. Clam Chowder 500g,https://www.woolworths.com.au/shop/productdetails/58200/goolwa-pipico-clam-chowder,,https://assets.woolworths.com.au/images/1005/58200.jpg?impolicy=wowsmkqiema&w=260&h=260,,,,,, Save to list 
Surimi Mix Thawed Per Kg,https://www.woolworths.com.au/shop/productdetails/809762/surimi-mix-thawed,,https://assets.woolworths.com.au/images/1005/809762.jpg?impolicy=wowsmkqiema&w=260&h=260,,,,,, Save to list 
Woolworths Thawed Imported Lake Victoria Perch Nile Fillets 6kg,https://www.woolworths.com.au/shop/productdetails/208008/woolworths-thawed-imported-lake-victoria-perch-nile-fillets,,https://assets.woolworths.com.au/images/1005/208008.jpg?impolicy=wowsmkqiema&w=260&h=260,,,,,, Save to list 
Woolworths Tiger Prawn Thawed Medium Cooked Prepacked Per Kg,https://www.woolworths.com.au/shop/productdetails/777623/woolworths-tiger-prawn-thawed-medium-cooked-prepacked,,https://assets.woolworths.com.au/images/1005/777623.jpg?impolicy=wowsmkqiema&w=260&h=260,,,,,, Save to list 
Woolworths Green Olives Stuffed With Creamy Fetta 1kg,https://www.woolworths.com.au/shop/productdetails/62644/woolworths-green-olives-stuffed-with-creamy-fetta,,https://assets.woolworths.com.au/images/1005/62644.jpg?impolicy=wowsmkqiema&w=260&h=260,,,,,, Save to list 
Woolworths Christmas Boneless Butterfly Chicken 1kg,https://www.woolworths.com.au/shop/productdetails/169880/woolworths-christmas-boneless-butterfly-chicken,,https://assets.woolworths.com.au/images/1005/169880.jpg?impolicy=wowsmkqiema&w=260&h=260,,,4.8,28,, Save to list 
Ocean Chef Moreton Bay Bugs With Garlic & Herb Butter 320g,https://www.woolworths.com.au/shop/productdetails/417843/ocean-chef-moreton-bay-bugs-with-garlic-herb-butter,,https://assets.woolworths.com.au/images/1005/417843.jpg?impolicy=wowsmkqiema&w=260&h=260,,,,,, Save to list 
D'orsogna Chorizo From The Deli Per Kg,https://www.woolworths.com.au/shop/productdetails/203555/d-orsogna-chorizo-from-the-deli,,https://assets.woolworths.com.au/images/1005/203555.jpg?impolicy=wowsmkqiema&w=260&h=260,,,,,, Save to list 
Primo Festive Hamper Twin Pack 800g - 1.1kg,https://www.woolworths.com.au/shop/productdetails/120370/primo-festive-hamper-twin-pack,,https://assets.woolworths.com.au/images/1005/120370.jpg?impolicy=wowsmkqiema&w=260&h=260,,,,,, Save to list 
Woolworths 97 Percent Fat Free Semi Dried Tomato 1kg,https://www.woolworths.com.au/shop/productdetails/62642/woolworths-97-percent-fat-free-semi-dried-tomato,,https://assets.woolworths.com.au/images/1005/62642.jpg?impolicy=wowsmkqiema&w=260&h=260,,,,,, Save to list 
Woolworths Boneless Honey Maple Glazed Loin Ham 800g - 1.4kg,https://www.woolworths.com.au/shop/productdetails/120225/woolworths-boneless-honey-maple-glazed-loin-ham,,https://assets.woolworths.com.au/images/1005/120225.jpg?impolicy=wowsmkqiema&w=260&h=260,,,,,, Save to list 
D'orsogna Honey Ginger Leg Ham 1.2kg,https://www.woolworths.com.au/shop/productdetails/69132/d-orsogna-honey-ginger-leg-ham,,https://assets.woolworths.com.au/images/1005/69132.jpg?impolicy=wowsmkqiema&w=260&h=260,,,,,, Save to list 
D'orsogna Salami Tasty Sticks Mild 2.5kg,https://www.woolworths.com.au/shop/productdetails/383682/d-orsogna-salami-tasty-sticks-mild,,https://assets.woolworths.com.au/images/1005/383682.jpg?impolicy=wowsmkqiema&w=260&h=260,,,,,, Save to list 
Don Footy Frankfurts Skin On 750g,https://www.woolworths.com.au/shop/productdetails/789987/don-footy-frankfurts-skin-on,,https://assets.woolworths.com.au/images/1005/789987.jpg?impolicy=wowsmkqiema&w=260&h=260,,,,,, Save to list 
Gotzinger Hungarian Beef Sausages 400g,https://www.woolworths.com.au/shop/productdetails/366110/gotzinger-hungarian-beef-sausages,,https://assets.woolworths.com.au/images/1005/366110.jpg?impolicy=wowsmkqiema&w=260&h=260,,,,,, Save to list 
Hans Devon Sliced 500g,https://www.woolworths.com.au/shop/productdetails/377814/hans-devon-sliced,,https://assets.woolworths.com.au/images/1005/377814.jpg?impolicy=wowsmkqiema&w=260&h=260,,,,,, Save to list 
Moira Mac's Pistachio & Cranberry Stuffed Roast Turkey Breast 400g - 600g,https://www.woolworths.com.au/shop/productdetails/120277/moira-mac-s-pistachio-cranberry-stuffed-roast-turkey-breast,,https://assets.woolworths.com.au/images/1005/120277.jpg?impolicy=wowsmkqiema&w=260&h=260,,,,,, Save to list 
Three Aussie Farmers Spiral Ham Per Kg,https://www.woolworths.com.au/shop/productdetails/73671/three-aussie-farmers-spiral-ham,,https://assets.woolworths.com.au/images/1005/73671.jpg?impolicy=wowsmkqiema&w=260&h=260,,,,,, Save to list 
Woolworths Whole Plain Kalamata Olives Extra Jumbo Per Kg,https://www.woolworths.com.au/shop/productdetails/740117/woolworths-whole-plain-kalamata-olives-extra-jumbo,,https://assets.woolworths.com.au/images/1005/740117.jpg?impolicy=wowsmkqiema&w=260&h=260,,,,,, Save to list 
Woolworths Antipasto Assorted Platter 280g,https://www.woolworths.com.au/shop/productdetails/161974/woolworths-antipasto-assorted-platter,,https://assets.woolworths.com.au/images/1005/161974.jpg?impolicy=wowsmkqiema&w=260&h=260,,,,,, Save to list 
Bertocchi Bacon Short Rindless 500g,https://www.woolworths.com.au/shop/productdetails/382774/bertocchi-bacon-short-rindless,,https://assets.woolworths.com.au/images/1005/382774.jpg?impolicy=wowsmkqiema&w=260&h=260,,,,,, Save to list 
Bertocchi Real Leg Ham Applewood Smoked Nugget 3.1kg - 3.3kg,https://www.woolworths.com.au/shop/productdetails/546299/bertocchi-real-leg-ham-applewood-smoked-nugget,,https://assets.woolworths.com.au/images/1005/546299.jpg?impolicy=wowsmkqiema&w=260&h=260,,,,,, Save to list 
Miguel Maestre Free Range Ham 2.4kg - 4.5kg,https://www.woolworths.com.au/shop/productdetails/812313/miguel-maestre-free-range-ham,,https://assets.woolworths.com.au/images/1005/812313.jpg?impolicy=wowsmkqiema&w=260&h=260,,,,,, Save to list 
Miguel Maestre Leg Ham With Crispy Crackling 1.8kg - 2.3kg,https://www.woolworths.com.au/shop/productdetails/69188/miguel-maestre-leg-ham-with-crispy-crackling,,https://assets.woolworths.com.au/images/1005/69188.jpg?impolicy=wowsmkqiema&w=260&h=260,,,,,, Save to list 
Bertocchi Premium Leg Ham Pure Gold 2.2kg - 2.8kg,https://www.woolworths.com.au/shop/productdetails/549578/bertocchi-premium-leg-ham-pure-gold,,https://assets.woolworths.com.au/images/1005/549578.jpg?impolicy=wowsmkqiema&w=260&h=260,,,,,, Save to list 
Woolworths Grilled Chicken Roll 306g,https://www.woolworths.com.au/shop/productdetails/218357/woolworths-grilled-chicken-roll,,https://assets.woolworths.com.au/images/1005/218357.jpg?impolicy=wowsmkqiema&w=260&h=260,$8.50,,,, Add to cart , Save to list 
Mures Soup Prawn Bisque 500ml,https://www.woolworths.com.au/shop/productdetails/325808/mures-soup-prawn-bisque,,https://assets.woolworths.com.au/images/1005/325808.jpg?impolicy=wowsmkqiema&w=260&h=260,,,,,, Save to list 
Maggie Beer Ploughman's Chutney 130g,https://www.woolworths.com.au/shop/productdetails/64309/maggie-beer-ploughman-s-chutney,,https://assets.woolworths.com.au/images/1005/64309.jpg?impolicy=wowsmkqiema&w=260&h=260,,,,,, Save to list 
Woolworths Falafel Rainbow Wrap 188g,https://www.woolworths.com.au/shop/productdetails/218356/woolworths-falafel-rainbow-wrap,,https://assets.woolworths.com.au/images/1005/218356.jpg?impolicy=wowsmkqiema&w=260&h=260,$8.00,$4.26 / 100G,,, Add to cart , Save to list 
D'argental Cremeux 2kg,https://www.woolworths.com.au/shop/productdetails/36566/cremeux-d-argental-cremeux,,https://assets.woolworths.com.au/images/1005/36566.jpg?impolicy=wowsmkqiema&w=260&h=260,,,,,, Save to list 
Singletons Black Wax Cheddar Cheese Per Kg,https://www.woolworths.com.au/shop/productdetails/369761/singletons-black-wax-cheddar-cheese,,https://assets.woolworths.com.au/images/1005/369761.jpg?impolicy=wowsmkqiema&w=260&h=260,$70.00,$70.00 / 1KG,,, Add to cart , Save to list 
Be Family Smokey Bbq Mini Beef Burrito 500g,https://www.woolworths.com.au/shop/productdetails/642646/be-family-smokey-bbq-mini-beef-burrito,,https://assets.woolworths.com.au/images/1005/642646.jpg?impolicy=wowsmkqiema&w=260&h=260,,,,,, Save to list 
Daly Potato Co. Daily Potato Co. Gluten Free Potato & Gravy 250g,https://www.woolworths.com.au/shop/productdetails/130442/daly-potato-co-daily-potato-co-gluten-free-potato-gravy,,https://assets.woolworths.com.au/images/1005/130442.jpg?impolicy=wowsmkqiema&w=260&h=260,,,,,, Save to list 
Daly Potato Co. Daily Potato Co. Gluten Free Potato & Gravy 450g,https://www.woolworths.com.au/shop/productdetails/130086/daly-potato-co-daily-potato-co-gluten-free-potato-gravy,,https://assets.woolworths.com.au/images/1005/130086.jpg?impolicy=wowsmkqiema&w=260&h=260,,,,,, Save to list 
Woolworths Semi Dried Tomatoes In Mediterranean Herbs Per Kg,https://www.woolworths.com.au/shop/productdetails/477641/woolworths-semi-dried-tomatoes-in-mediterranean-herbs,,https://assets.woolworths.com.au/images/1005/477641.jpg?impolicy=wowsmkqiema&w=260&h=260,,,,,, Save to list 
Ob Finest Sunflower & Thyme Specialty Cracker 150g,https://www.woolworths.com.au/shop/productdetails/626515/ob-finest-sunflower-thyme-specialty-cracker,,https://assets.woolworths.com.au/images/1005/626515.jpg?impolicy=wowsmkqiema&w=260&h=260,,,,,, Save to list 
