Title,Title_URL,Image,Image1,Price,Price2,Price3,cartcontrolsaddcart,Avg_price
Monster Energy Ultra Rosa Multipack Cans 500ml X4 Pack,https://www.woolworths.com.au/shop/productdetails/143253/monster-energy-ultra-rosa-multipack-cans,https://www.woolworths.com.au/content/promotiontags/roundel-special-200x200.png,https://assets.woolworths.com.au/images/1005/143253.jpg?impolicy=wowsmkqiema&w=260&h=260,$8.65,$14.45,$4.33 / 1L, Add to cart , Save to list 
Monster Energy Juice Mango Loco 500ml X4 Pack,https://www.woolworths.com.au/shop/productdetails/708119/monster-energy-juice-mango-loco,https://www.woolworths.com.au/content/promotiontags/roundel-special-200x200.png,https://assets.woolworths.com.au/images/1005/708119.jpg?impolicy=wowsmkqiema&w=260&h=260,$8.65,$14.45,$4.33 / 1L, Add to cart , Save to list 
Monster Energy Green Multipack Cans 500ml X4 Pack,https://www.woolworths.com.au/shop/productdetails/361734/monster-energy-green-multipack-cans,https://www.woolworths.com.au/content/promotiontags/roundel-special-200x200.png,https://assets.woolworths.com.au/images/1005/361734.jpg?impolicy=wowsmkqiema&w=260&h=260,$8.65,$14.45,$4.33 / 1L, Add to cart , Save to list 
Monster Energy Ultra Multipack Cans 500ml X4 Pack,https://www.woolworths.com.au/shop/productdetails/511504/monster-energy-ultra-multipack-cans,https://www.woolworths.com.au/content/promotiontags/roundel-special-200x200.png,https://assets.woolworths.com.au/images/1005/511504.jpg?impolicy=wowsmkqiema&w=260&h=260,$8.65,$14.45,$4.33 / 1L, Add to cart , Save to list 
Woolworths Soda Water 1.25l,https://www.woolworths.com.au/shop/productdetails/756048/woolworths-soda-water,https://www.woolworths.com.au/content/promotiontags/final_only_at_woolworths_roundel_200x200.png,https://assets.woolworths.com.au/images/1005/756048.jpg?impolicy=wowsmkqiema&w=260&h=260,$1.10,,$0.88 / 1L, Add to cart , Save to list 
Woolworths Spring Water Bottles 600ml X24 Pack,https://www.woolworths.com.au/shop/productdetails/116784/woolworths-spring-water-bottles,,https://assets.woolworths.com.au/images/1005/116784.jpg?impolicy=wowsmkqiema&w=260&h=260,$9.75,,$0.68 / 1L, Add to cart , Save to list 
Woolworths Soda Water 1.25l,https://www.woolworths.com.au/shop/productdetails/799637/woolworths-soda-water,,https://assets.woolworths.com.au/images/1005/799637.jpg?impolicy=wowsmkqiema&w=260&h=260,,,,, Save to list 
Woolworths Spring Water 6x1.5l Bottles,https://www.woolworths.com.au/shop/productdetails/749792/woolworths-spring-water,https://www.woolworths.com.au/content/promotiontags/final_only_at_woolworths_roundel_200x200.png,https://assets.woolworths.com.au/images/1005/749792.jpg?impolicy=wowsmkqiema&w=260&h=260,$5.20,,$0.58 / 1L, Add to cart , Save to list 
Schweppes Soda Water 1.1l,https://www.woolworths.com.au/shop/productdetails/635960/schweppes-soda-water,https://www.woolworths.com.au/content/promotiontags/roundel-special-200x200.png,https://assets.woolworths.com.au/images/1005/635960.jpg?impolicy=wowsmkqiema&w=260&h=260,$1.50,$2.50,$1.36 / 1L, Add to cart , Save to list 
Woolworths Sparkling Mineral Water 1.25l,https://www.woolworths.com.au/shop/productdetails/756076/woolworths-sparkling-mineral-water,,https://assets.woolworths.com.au/images/1005/756076.jpg?impolicy=wowsmkqiema&w=260&h=260,$1.10,,$0.88 / 1L, Add to cart , Save to list 
Monster Energy Ultra Fiesta Mango Flavour Cans 500ml X4 Pack,https://www.woolworths.com.au/shop/productdetails/222963/monster-energy-ultra-fiesta-mango-flavour-cans,https://www.woolworths.com.au/content/promotiontags/roundel-special-200x200.png,https://assets.woolworths.com.au/images/1005/222963.jpg?impolicy=wowsmkqiema&w=260&h=260,$8.65,$14.45,$4.33 / 1L, Add to cart , Save to list 
Monster Energy Ultra Can 500ml,https://www.woolworths.com.au/shop/productdetails/489787/monster-energy-ultra-can,https://www.woolworths.com.au/content/promotiontags/roundel-special-200x200.png,https://assets.woolworths.com.au/images/1005/489787.jpg?impolicy=wowsmkqiema&w=260&h=260,$2.85,$3.85,$5.70 / 1L, Add to cart , Save to list 
Monster Energy Green Can 500ml,https://www.woolworths.com.au/shop/productdetails/329812/monster-energy-green-can,https://www.woolworths.com.au/content/promotiontags/roundel-special-200x200.png,https://assets.woolworths.com.au/images/1005/329812.jpg?impolicy=wowsmkqiema&w=260&h=260,$2.85,$3.85,$5.70 / 1L, Add to cart , Save to list 
Monster Energy Ultra Gold 500ml,https://www.woolworths.com.au/shop/productdetails/220971/monster-energy-ultra-gold,https://www.woolworths.com.au/content/promotiontags/roundel-special-200x200.png,https://assets.woolworths.com.au/images/1005/220971.jpg?impolicy=wowsmkqiema&w=260&h=260,$2.85,$3.85,$5.70 / 1L, Add to cart , Save to list 
Schweppes Indian Tonic Water Zero Sugar 1.1l,https://www.woolworths.com.au/shop/productdetails/634274/schweppes-indian-tonic-water-zero-sugar,,https://assets.woolworths.com.au/images/1005/634274.jpg?impolicy=wowsmkqiema&w=260&h=260,,,,, Save to list 
Frantelle Still Spring Water 24x600ml,https://www.woolworths.com.au/shop/productdetails/219582/frantelle-still-spring-water,,https://assets.woolworths.com.au/images/1005/219582.jpg?impolicy=wowsmkqiema&w=260&h=260,$16.70,,$1.16 / 1L, Add to cart , Save to list 
Woolworths Lightly Sparkling Spring Water 500ml X 20 Pack,https://www.woolworths.com.au/shop/productdetails/561890/woolworths-lightly-sparkling-spring-water,https://www.woolworths.com.au/content/promotiontags/final_only_at_woolworths_roundel_200x200.png,https://assets.woolworths.com.au/images/1005/561890.jpg?impolicy=wowsmkqiema&w=260&h=260,$12.00,,$1.20 / 1L, Add to cart , Save to list 
Nu Pure Still Spring Water 20x600ml,https://www.woolworths.com.au/shop/productdetails/81274/nu-pure-still-spring-water,,https://assets.woolworths.com.au/images/1005/81274.jpg?impolicy=wowsmkqiema&w=260&h=260,$10.50,,$0.88 / 1L, Add to cart , Save to list 
Woolworths Spring Water 1.5l Bottle,https://www.woolworths.com.au/shop/productdetails/749793/woolworths-spring-water,https://www.woolworths.com.au/content/promotiontags/final_only_at_woolworths_roundel_200x200.png,https://assets.woolworths.com.au/images/1005/749793.jpg?impolicy=wowsmkqiema&w=260&h=260,$0.90,,$0.60 / 1L, Add to cart , Save to list 
Schweppes Indian Tonic Water 1.1l,https://www.woolworths.com.au/shop/productdetails/634277/schweppes-indian-tonic-water,https://www.woolworths.com.au/content/promotiontags/roundel-special-200x200.png,https://assets.woolworths.com.au/images/1005/634277.jpg?impolicy=wowsmkqiema&w=260&h=260,$1.50,$2.50,$1.36 / 1L, Add to cart , Save to list 
Woolworths Sparkling Mineral Water 1.25l,https://www.woolworths.com.au/shop/productdetails/799638/woolworths-sparkling-mineral-water,,https://assets.woolworths.com.au/images/1005/799638.jpg?impolicy=wowsmkqiema&w=260&h=260,,,,, Save to list 
Woolworths Uht Full Cream Milk 1l,https://www.woolworths.com.au/shop/productdetails/748595/woolworths-uht-full-cream-milk,,https://assets.woolworths.com.au/images/1005/748595.jpg?impolicy=wowsmkqiema&w=260&h=260,$1.60,,$1.60 / 1L, Add to cart , Save to list 
Woolworths Lightly Sparkling Spring Water 1.25l,https://www.woolworths.com.au/shop/productdetails/756086/woolworths-lightly-sparkling-spring-water,https://www.woolworths.com.au/content/promotiontags/final_only_at_woolworths_roundel_200x200.png,https://assets.woolworths.com.au/images/1005/756086.jpg?impolicy=wowsmkqiema&w=260&h=260,$1.60,,$1.28 / 1L, Add to cart , Save to list 
Tasmanian Mountain Spring Water 10l,https://www.woolworths.com.au/shop/productdetails/170011/tasmanian-mountain-spring-water,,https://assets.woolworths.com.au/images/1005/170011.jpg?impolicy=wowsmkqiema&w=260&h=260,$6.40,,$0.64 / 1L, Add to cart , Save to list 
Schweppes Indian Tonic Water 300ml X4 Pack,https://www.woolworths.com.au/shop/productdetails/253808/schweppes-indian-tonic-water,https://www.woolworths.com.au/content/promotiontags/roundel-buy-more-save-more-200x200.png,https://assets.woolworths.com.au/images/1005/253808.jpg?impolicy=wowsmkqiema&w=260&h=260,$7.00,,$5.83 / 1L, Add to cart , Save to list 
Schweppes Soda Water 300ml X4 Pack,https://www.woolworths.com.au/shop/productdetails/253770/schweppes-soda-water,https://www.woolworths.com.au/content/promotiontags/roundel-buy-more-save-more-200x200.png,https://assets.woolworths.com.au/images/1005/253770.jpg?impolicy=wowsmkqiema&w=260&h=260,$7.00,,$5.83 / 1L, Add to cart , Save to list 
Pureau Pure Water Water 10l,https://www.woolworths.com.au/shop/productdetails/94005/pureau-pure-water-water,,https://assets.woolworths.com.au/images/1005/94005.jpg?impolicy=wowsmkqiema&w=260&h=260,$9.60,,$0.96 / 1L, Add to cart , Save to list 
Woolworths Spring Water 12x600ml,https://www.woolworths.com.au/shop/productdetails/770183/woolworths-spring-water,https://www.woolworths.com.au/content/promotiontags/final_only_at_woolworths_roundel_200x200.png,https://assets.woolworths.com.au/images/1005/770183.jpg?impolicy=wowsmkqiema&w=260&h=260,$5.00,,$0.69 / 1L, Add to cart , Save to list 
Woolworths Tonic Water 1.25l,https://www.woolworths.com.au/shop/productdetails/756045/woolworths-tonic-water,https://www.woolworths.com.au/content/promotiontags/final_only_at_woolworths_roundel_200x200.png,https://assets.woolworths.com.au/images/1005/756045.jpg?impolicy=wowsmkqiema&w=260&h=260,$1.10,,$0.88 / 1L, Add to cart , Save to list 
Sprite Lemonade Soft Drink Bottle 1.25l,https://www.woolworths.com.au/shop/productdetails/95325/sprite-lemonade-soft-drink-bottle,https://www.woolworths.com.au/content/promotiontags/roundel-special-200x200.png,https://assets.woolworths.com.au/images/1005/95325.jpg?impolicy=wowsmkqiema&w=260&h=260,$2.10,$3.55,$1.68 / 1L, Add to cart , Save to list 
Woolworths Diet Tonic Water 1.25l,https://www.woolworths.com.au/shop/productdetails/756049/woolworths-diet-tonic-water,https://www.woolworths.com.au/content/promotiontags/final_only_at_woolworths_roundel_200x200.png,https://assets.woolworths.com.au/images/1005/756049.jpg?impolicy=wowsmkqiema&w=260&h=260,$1.10,,$0.88 / 1L, Add to cart , Save to list 
Woolworths Spring Water Minis 20x250ml,https://www.woolworths.com.au/shop/productdetails/633876/woolworths-spring-water-minis,,https://assets.woolworths.com.au/images/1005/633876.jpg?impolicy=wowsmkqiema&w=260&h=260,$6.80,,$1.36 / 1L, Add to cart , Save to list 
Pauls Zymil Lactose Free Full Cream Long Life Milk 1l,https://www.woolworths.com.au/shop/productdetails/730998/pauls-zymil-lactose-free-full-cream-long-life-milk,,https://assets.woolworths.com.au/images/1005/730998.jpg?impolicy=wowsmkqiema&w=260&h=260,$3.00,,$3.00 / 1L, Add to cart , Save to list 
Woolworths Uht Skim Milk 1l,https://www.woolworths.com.au/shop/productdetails/748597/woolworths-uht-skim-milk,,https://assets.woolworths.com.au/images/1005/748597.jpg?impolicy=wowsmkqiema&w=260&h=260,$1.60,,$1.60 / 1L, Add to cart , Save to list 
Schweppes Solo Lemon Bottle 1.25l,https://www.woolworths.com.au/shop/productdetails/32673/schweppes-solo-lemon-bottle,,https://assets.woolworths.com.au/images/1005/32673.jpg?impolicy=wowsmkqiema&w=260&h=260,$2.70,,$2.16 / 1L, Add to cart , Save to list 
Mount Franklin Lightly Sparkling Water Natural Bottle 1.25l,https://www.woolworths.com.au/shop/productdetails/332730/mount-franklin-lightly-sparkling-water-natural-bottle,https://www.woolworths.com.au/content/promotiontags/roundel-special-200x200.png,https://assets.woolworths.com.au/images/1005/332730.jpg?impolicy=wowsmkqiema&w=260&h=260,$1.70,$2.85,$1.36 / 1L, Add to cart , Save to list 
Twinings English Breakfast Tea Bags 100 Pack,https://www.woolworths.com.au/shop/productdetails/72618/twinings-english-breakfast-tea-bags-tea-bags,,https://assets.woolworths.com.au/images/1005/72618.jpg?impolicy=wowsmkqiema&w=260&h=260,$13.50,,$0.14 / 1EA, Add to cart , Save to list 
Pauls Zymil Lactose Free Low Fat Long Life Milk 1l,https://www.woolworths.com.au/shop/productdetails/146547/pauls-zymil-lactose-free-low-fat-long-life-milk,,https://assets.woolworths.com.au/images/1005/146547.jpg?impolicy=wowsmkqiema&w=260&h=260,$3.00,,$3.00 / 1L, Add to cart , Save to list 
Sanpellegrino Sparkling Mineral Water 1l,https://www.woolworths.com.au/shop/productdetails/357252/sanpellegrino-sparkling-mineral-water-mineral-water,,https://assets.woolworths.com.au/images/1005/357252.jpg?impolicy=wowsmkqiema&w=260&h=260,$4.15,,$4.15 / 1L, Add to cart , Save to list 
Sprite Lemonade Soft Drink Multipack Cans 375ml X10 Pack,https://www.woolworths.com.au/shop/productdetails/793285/sprite-lemonade-soft-drink-multipack-cans,https://www.woolworths.com.au/content/promotiontags/roundel-special-200x200.png,https://assets.woolworths.com.au/images/1005/793285.jpg?impolicy=wowsmkqiema&w=260&h=260,$9.65,$16.10,$2.57 / 1L, Add to cart , Save to list 
Solo Zero Sugar 1.25l,https://www.woolworths.com.au/shop/productdetails/676277/solo-zero-sugar,,https://assets.woolworths.com.au/images/1005/676277.jpg?impolicy=wowsmkqiema&w=260&h=260,,,,, Save to list 
Taylors Of Harrogate Yorkshire Tea Bags 100 Pack,https://www.woolworths.com.au/shop/productdetails/750176/taylors-of-harrogate-yorkshire-tea-bags,,https://assets.woolworths.com.au/images/1005/750176.jpg?impolicy=wowsmkqiema&w=260&h=260,$5.50,,$0.06 / 1EA, Add to cart , Save to list 
Waterfords Mineral Water Apple Berry 1l,https://www.woolworths.com.au/shop/productdetails/672554/waterfords-mineral-water-apple-berry,https://www.woolworths.com.au/content/promotiontags/roundel-special-200x200.png,https://assets.woolworths.com.au/images/1005/672554.jpg?impolicy=wowsmkqiema&w=260&h=260,$1.50,$2.00,$1.50 / 1L, Add to cart , Save to list 
Schweppes Lime Soda Water Lime 1.1l,https://www.woolworths.com.au/shop/productdetails/634281/schweppes-lime-soda-water-lime,,https://assets.woolworths.com.au/images/1005/634281.jpg?impolicy=wowsmkqiema&w=260&h=260,,,,, Save to list 
Sunkist Zero Sugar 1.25l,https://www.woolworths.com.au/shop/productdetails/676312/sunkist-zero-sugar,,https://assets.woolworths.com.au/images/1005/676312.jpg?impolicy=wowsmkqiema&w=260&h=260,,,,, Save to list 
Mount Franklin Lightly Sparkling Water Lime Multipack Cans 375ml X10 Pack,https://www.woolworths.com.au/shop/productdetails/77938/mount-franklin-lightly-sparkling-water-lime-multipack-cans,https://www.woolworths.com.au/content/promotiontags/roundel-special-200x200.png,https://assets.woolworths.com.au/images/1005/77938.jpg?impolicy=wowsmkqiema&w=260&h=260,$9.65,$16.10,$2.57 / 1L, Add to cart , Save to list 
Waterfords Lite & Fruity Orange Passion 1l,https://www.woolworths.com.au/shop/productdetails/697308/waterfords-lite-fruity-orange-passion,https://www.woolworths.com.au/content/promotiontags/roundel-special-200x200.png,https://assets.woolworths.com.au/images/1005/697308.jpg?impolicy=wowsmkqiema&w=260&h=260,$1.50,$2.00,$1.50 / 1L, Add to cart , Save to list 
Waterfords Mineral Water Tahitian Lime 1l,https://www.woolworths.com.au/shop/productdetails/672555/waterfords-mineral-water-tahitian-lime,https://www.woolworths.com.au/content/promotiontags/roundel-special-200x200.png,https://assets.woolworths.com.au/images/1005/672555.jpg?impolicy=wowsmkqiema&w=260&h=260,$1.50,$2.00,$1.50 / 1L, Add to cart , Save to list 
Woolworths Uht Lite Milk 1l,https://www.woolworths.com.au/shop/productdetails/748596/woolworths-uht-lite-milk,,https://assets.woolworths.com.au/images/1005/748596.jpg?impolicy=wowsmkqiema&w=260&h=260,$1.60,,$1.60 / 1L, Add to cart , Save to list 
Sprite Zero Sugar Lemonade Soft Drink Bottle 1.25l,https://www.woolworths.com.au/shop/productdetails/62170/sprite-zero-sugar-lemonade-soft-drink-bottle,https://www.woolworths.com.au/content/promotiontags/roundel-special-200x200.png,https://assets.woolworths.com.au/images/1005/62170.jpg?impolicy=wowsmkqiema&w=260&h=260,$2.10,$3.55,$1.68 / 1L, Add to cart , Save to list 
Woolworths Soy Milk 1l,https://www.woolworths.com.au/shop/productdetails/779130/woolworths-soy-milk,,https://assets.woolworths.com.au/images/1005/779130.jpg?impolicy=wowsmkqiema&w=260&h=260,$1.15,,$1.15 / 1L, Add to cart , Save to list 
Lipton Quality Black Tea Bags 100 Pack,https://www.woolworths.com.au/shop/productdetails/587911/lipton-quality-black-tea-bags,https://www.woolworths.com.au/content/promotiontags/roundel-special-200x200.png,https://assets.woolworths.com.au/images/1005/587911.jpg?impolicy=wowsmkqiema&w=260&h=260,$4.00,$5.80,$0.04 / 1EA, Add to cart , Save to list 
Waterfords Mineral Water Lemon Lime & Bitters 1l,https://www.woolworths.com.au/shop/productdetails/672553/waterfords-mineral-water-lemon-lime-bitters,https://www.woolworths.com.au/content/promotiontags/roundel-special-200x200.png,https://assets.woolworths.com.au/images/1005/672553.jpg?impolicy=wowsmkqiema&w=260&h=260,$1.50,$2.00,$1.50 / 1L, Add to cart , Save to list 
Waterfords Lite & Fruity Blackcurrant 1l,https://www.woolworths.com.au/shop/productdetails/821995/waterfords-lite-fruity-blackcurrant,,https://assets.woolworths.com.au/images/1005/821995.jpg?impolicy=wowsmkqiema&w=260&h=260,,,,, Save to list 
Mount Franklin Spring Water Bottle 500ml X6 Pack,https://www.woolworths.com.au/shop/productdetails/642585/mount-franklin-spring-water-bottle,,https://assets.woolworths.com.au/images/1005/642585.jpg?impolicy=wowsmkqiema&w=260&h=260,$6.15,,$2.05 / 1L, Add to cart , Save to list 
Cocobella Coconut Water Straight Up 1l,https://www.woolworths.com.au/shop/productdetails/724514/cocobella-coconut-water-straight-up,https://www.woolworths.com.au/content/promotiontags/roundel-special-200x200.png,https://assets.woolworths.com.au/images/1005/724514.jpg?impolicy=wowsmkqiema&w=260&h=260,$3.50,$5.50,$3.50 / 1L, Add to cart , Save to list 
Sanitarium So Good Long Life Regular Soy Milk 1l,https://www.woolworths.com.au/shop/productdetails/24318/sanitarium-so-good-long-life-regular-soy-milk,,https://assets.woolworths.com.au/images/1005/24318.jpg?impolicy=wowsmkqiema&w=260&h=260,$2.20,,$2.20 / 1L, Add to cart , Save to list 
Schweppes Indian Tonic Water Zero Sugar 4 X300ml,https://www.woolworths.com.au/shop/productdetails/253760/schweppes-indian-tonic-water-zero-sugar,,https://assets.woolworths.com.au/images/1005/253760.jpg?impolicy=wowsmkqiema&w=260&h=260,,,,, Save to list 
Schweppes Natural Mineral Water Natural 1.1l,https://www.woolworths.com.au/shop/productdetails/634292/schweppes-natural-mineral-water-natural,https://www.woolworths.com.au/content/promotiontags/roundel-special-200x200.png,https://assets.woolworths.com.au/images/1005/634292.jpg?impolicy=wowsmkqiema&w=260&h=260,$1.50,$2.50,$1.36 / 1L, Add to cart , Save to list 
Mount Franklin Lightly Sparkling Water Lime Bottle 1.25l,https://www.woolworths.com.au/shop/productdetails/725866/mount-franklin-lightly-sparkling-water-lime-bottle,https://www.woolworths.com.au/content/promotiontags/roundel-special-200x200.png,https://assets.woolworths.com.au/images/1005/725866.jpg?impolicy=wowsmkqiema&w=260&h=260,$1.70,$2.85,$1.36 / 1L, Add to cart , Save to list 
Schweppes Lemonade 1.1l,https://www.woolworths.com.au/shop/productdetails/703393/schweppes-lemonade,,https://assets.woolworths.com.au/images/1005/703393.jpg?impolicy=wowsmkqiema&w=260&h=260,,,,, Save to list 
Tetley Tea Bags 100 Pack,https://www.woolworths.com.au/shop/productdetails/574821/tetley-tea-bags,,https://assets.woolworths.com.au/images/1005/574821.jpg?impolicy=wowsmkqiema&w=260&h=260,$3.80,,$0.04 / 1EA, Add to cart , Save to list 
Sprite Zero Sugar Lemonade Soft Drink Multipack Cans 375ml X10 Pack,https://www.woolworths.com.au/shop/productdetails/793280/sprite-zero-sugar-lemonade-soft-drink-multipack-cans,https://www.woolworths.com.au/content/promotiontags/roundel-special-200x200.png,https://assets.woolworths.com.au/images/1005/793280.jpg?impolicy=wowsmkqiema&w=260&h=260,$9.65,$16.10,$2.57 / 1L, Add to cart , Save to list 
V8 Pineapple Passion Juice Juice 1.25l,https://www.woolworths.com.au/shop/productdetails/406087/v8-pineapple-passion-juice-juice,,https://assets.woolworths.com.au/images/1005/406087.jpg?impolicy=wowsmkqiema&w=260&h=260,$5.50,,$4.40 / 1L, Add to cart , Save to list 
Sanpellegrino Natural Mineral Water 250ml X6 Pack,https://www.woolworths.com.au/shop/productdetails/15806/sanpellegrino-natural-mineral-water,,https://assets.woolworths.com.au/images/1005/15806.jpg?impolicy=wowsmkqiema&w=260&h=260,$15.60,,$10.40 / 1L, Add to cart , Save to list 
Starbucks By Nespresso House Blend Coffee Pods 10 Pack,https://www.woolworths.com.au/shop/productdetails/59706/starbucks-by-nespresso-house-blend-coffee-pods,,https://assets.woolworths.com.au/images/1005/59706.jpg?impolicy=wowsmkqiema&w=260&h=260,$7.90,,$0.79 / 1EA, Add to cart , Save to list 
Fever-tree Meditteranean Tonic Water Bottles 500ml,https://www.woolworths.com.au/shop/productdetails/609505/fever-tree-meditteranean-tonic-water-bottles,,https://assets.woolworths.com.au/images/1005/609505.jpg?impolicy=wowsmkqiema&w=260&h=260,,,,, Save to list 
Schweppes Natural Mineral Water Orange & Mango 1.1l,https://www.woolworths.com.au/shop/productdetails/634284/schweppes-natural-mineral-water-orange-mango,,https://assets.woolworths.com.au/images/1005/634284.jpg?impolicy=wowsmkqiema&w=260&h=260,,,,, Save to list 
V8 Power Blend Juice Healthy Greens 1.25l,https://www.woolworths.com.au/shop/productdetails/485231/v8-power-blend-juice-healthy-greens,,https://assets.woolworths.com.au/images/1005/485231.jpg?impolicy=wowsmkqiema&w=260&h=260,$6.00,,$4.80 / 1L, Add to cart , Save to list 
Woolworths Lightly Sparkling Lime Water 1.25l,https://www.woolworths.com.au/shop/productdetails/756089/woolworths-lightly-sparkling-lime-water,https://www.woolworths.com.au/content/promotiontags/final_only_at_woolworths_roundel_200x200.png,https://assets.woolworths.com.au/images/1005/756089.jpg?impolicy=wowsmkqiema&w=260&h=260,$1.60,,$1.28 / 1L, Add to cart , Save to list 
Twinings English Breakfast Tea Bags 10 Pack,https://www.woolworths.com.au/shop/productdetails/41946/twinings-english-breakfast-tea-bags-tea-bags,,https://assets.woolworths.com.au/images/1005/41946.jpg?impolicy=wowsmkqiema&w=260&h=260,$3.00,,$0.30 / 1EA, Add to cart , Save to list 
Schweppes Solo Lemon Cans 375ml X10 Pack,https://www.woolworths.com.au/shop/productdetails/442191/schweppes-solo-lemon-cans,,https://assets.woolworths.com.au/images/1005/442191.jpg?impolicy=wowsmkqiema&w=260&h=260,$16.50,,$4.40 / 1L, Add to cart , Save to list 
Coca-cola Classic Soft Drink Multipack Cans 375ml X24 Pack,https://www.woolworths.com.au/shop/productdetails/42605/coca-cola-classic-soft-drink-multipack-cans,,https://assets.woolworths.com.au/images/1005/42605.jpg?impolicy=wowsmkqiema&w=260&h=260,$36.70,,$4.08 / 1L, Add to cart , Save to list 
"Twinings Strawberry, Raspberry & Loganberry Tea Bags 10 Pack",https://www.woolworths.com.au/shop/productdetails/701255/twinings-strawberry-raspberry-loganberry-tea-bags,,https://assets.woolworths.com.au/images/1005/701255.jpg?impolicy=wowsmkqiema&w=260&h=260,$3.00,,$0.30 / 1EA, Add to cart , Save to list 
V8 Tropical Juice Juice 1.25l,https://www.woolworths.com.au/shop/productdetails/749812/v8-tropical-juice-juice,,https://assets.woolworths.com.au/images/1005/749812.jpg?impolicy=wowsmkqiema&w=260&h=260,$5.50,,$4.40 / 1L, Add to cart , Save to list 
Tetley Extra Strong Tea Bags 100 Pack,https://www.woolworths.com.au/shop/productdetails/574823/tetley-extra-strong-tea-bags,,https://assets.woolworths.com.au/images/1005/574823.jpg?impolicy=wowsmkqiema&w=260&h=260,$4.60,,$0.05 / 1EA, Add to cart , Save to list 
Santa Vittoria Sparkling Mineral Water 6x750ml,https://www.woolworths.com.au/shop/productdetails/647107/santa-vittoria-sparkling-mineral-water,,https://assets.woolworths.com.au/images/1005/647107.jpg?impolicy=wowsmkqiema&w=260&h=260,$11.80,,$2.62 / 1L, Add to cart , Save to list 
Sanpellegrino Natural Mineral Water 750ml,https://www.woolworths.com.au/shop/productdetails/162547/sanpellegrino-natural-mineral-water,,https://assets.woolworths.com.au/images/1005/162547.jpg?impolicy=wowsmkqiema&w=260&h=260,$3.25,,$4.33 / 1L, Add to cart , Save to list 
Woolworths Free From Lactose Full Cream Milk 1l,https://www.woolworths.com.au/shop/productdetails/799811/woolworths-free-from-lactose-full-cream-milk,,https://assets.woolworths.com.au/images/1005/799811.jpg?impolicy=wowsmkqiema&w=260&h=260,$2.00,,$2.00 / 1L, Add to cart , Save to list 
Twinings Pure Peppermint Tea Bags 10 Pack,https://www.woolworths.com.au/shop/productdetails/58970/twinings-pure-peppermint-tea-bags-tea-bags,,https://assets.woolworths.com.au/images/1005/58970.jpg?impolicy=wowsmkqiema&w=260&h=260,$3.00,,$0.30 / 1EA, Add to cart , Save to list 
Twinings Camomile Honey & Vanilla Tea Bags 10 Pack 15g,https://www.woolworths.com.au/shop/productdetails/701332/twinings-camomile-honey-vanilla-tea-bags,,https://assets.woolworths.com.au/images/1005/701332.jpg?impolicy=wowsmkqiema&w=260&h=260,$3.00,,$0.30 / 1EA, Add to cart , Save to list 
Twinings English Breakfast Extra Strong Tea Bags 80 Pack,https://www.woolworths.com.au/shop/productdetails/829281/twinings-english-breakfast-extra-strong-tea-bags,,https://assets.woolworths.com.au/images/1005/829281.jpg?impolicy=wowsmkqiema&w=260&h=260,$13.50,,$0.17 / 1EA, Add to cart , Save to list 
Sanpellegrino Sparkling Natural Mineral Water Slim Cans 330ml X8 Pack,https://www.woolworths.com.au/shop/productdetails/80504/sanpellegrino-sparkling-natural-mineral-water-slim-cans,,https://assets.woolworths.com.au/images/1005/80504.jpg?impolicy=wowsmkqiema&w=260&h=260,$15.60,,$5.91 / 1L, Add to cart , Save to list 
Woolworths Spring Water Sipper 1l,https://www.woolworths.com.au/shop/productdetails/130769/woolworths-spring-water-sipper,,https://assets.woolworths.com.au/images/1005/130769.jpg?impolicy=wowsmkqiema&w=260&h=260,$1.20,,$1.20 / 1L, Add to cart , Save to list 
Vitasoy Oat Milk 1l,https://www.woolworths.com.au/shop/productdetails/310675/vitasoy-oat-milk,,https://assets.woolworths.com.au/images/1005/310675.jpg?impolicy=wowsmkqiema&w=260&h=260,$3.30,,$3.30 / 1L, Add to cart , Save to list 
Schweppes Natural Mineral Water Blood Orange & Passionfruit 1.1l,https://www.woolworths.com.au/shop/productdetails/634285/schweppes-natural-mineral-water-blood-orange-passionfruit,,https://assets.woolworths.com.au/images/1005/634285.jpg?impolicy=wowsmkqiema&w=260&h=260,,,,, Save to list 
Sanpellegrino Sparkling Natural Mineral Water 750ml X12 Pack,https://www.woolworths.com.au/shop/productdetails/307290/sanpellegrino-sparkling-natural-mineral-water,,https://assets.woolworths.com.au/images/1005/307290.jpg?impolicy=wowsmkqiema&w=260&h=260,$31.50,,$3.50 / 1L, Add to cart , Save to list 
Fever-tree Meditteranean Tonic Water Bottles 200ml X 4 Pack,https://www.woolworths.com.au/shop/productdetails/979808/fever-tree-meditteranean-tonic-water-bottles,https://www.woolworths.com.au/content/promotiontags/roundel-special-200x200.png,https://assets.woolworths.com.au/images/1005/979808.jpg?impolicy=wowsmkqiema&w=260&h=260,$7.00,$8.00,$8.75 / 1L, Add to cart , Save to list 
Pepsi Max Sodastream Soda Mix 440ml,https://www.woolworths.com.au/shop/productdetails/105018/pepsi-max-sodastream-soda-mix,,https://assets.woolworths.com.au/images/1005/105018.jpg?impolicy=wowsmkqiema&w=260&h=260,$7.00,,$15.91 / 1L, Add to cart , Save to list 
Mount Franklin Spring Water Bottle 1.5l,https://www.woolworths.com.au/shop/productdetails/15917/mount-franklin-spring-water-bottle,https://www.woolworths.com.au/content/promotiontags/roundel-special-200x200.png,https://assets.woolworths.com.au/images/1005/15917.jpg?impolicy=wowsmkqiema&w=260&h=260,$2.10,$3.00,$1.40 / 1L, Add to cart , Save to list 
Woolworths Lightly Sparkling Water With Lemon 1.25l,https://www.woolworths.com.au/shop/productdetails/756087/woolworths-lightly-sparkling-water-with-lemon,https://www.woolworths.com.au/content/promotiontags/final_only_at_woolworths_roundel_200x200.png,https://assets.woolworths.com.au/images/1005/756087.jpg?impolicy=wowsmkqiema&w=260&h=260,$1.60,,$1.28 / 1L, Add to cart , Save to list 
Solo Zero Sugar 10x375ml,https://www.woolworths.com.au/shop/productdetails/676314/solo-zero-sugar,,https://assets.woolworths.com.au/images/1005/676314.jpg?impolicy=wowsmkqiema&w=260&h=260,,,,, Save to list 
Pauls Zymil Skim Uht Milk 1l,https://www.woolworths.com.au/shop/productdetails/113025/pauls-zymil-skim-uht-milk,,https://assets.woolworths.com.au/images/1005/113025.jpg?impolicy=wowsmkqiema&w=260&h=260,$3.00,,$3.00 / 1L, Add to cart , Save to list 
Mount Franklin Still Water 500ml X 12 Pack,https://www.woolworths.com.au/shop/productdetails/231414/mount-franklin-still-water,https://www.woolworths.com.au/content/promotiontags/roundel-special-200x200.png,https://assets.woolworths.com.au/images/1005/231414.jpg?impolicy=wowsmkqiema&w=260&h=260,$7.35,$10.50,$1.23 / 1L, Add to cart , Save to list 
Mount Franklin Lightly Sparkling Water Lemon Bottle 1.25l,https://www.woolworths.com.au/shop/productdetails/332732/mount-franklin-lightly-sparkling-water-lemon-bottle,https://www.woolworths.com.au/content/promotiontags/roundel-special-200x200.png,https://assets.woolworths.com.au/images/1005/332732.jpg?impolicy=wowsmkqiema&w=260&h=260,$1.70,$2.85,$1.36 / 1L, Add to cart , Save to list 
V8 Breakfast Juice Juice 1.25l,https://www.woolworths.com.au/shop/productdetails/749778/v8-breakfast-juice-juice,,https://assets.woolworths.com.au/images/1005/749778.jpg?impolicy=wowsmkqiema&w=260&h=260,$5.50,,$4.40 / 1L, Add to cart , Save to list 
Bonsoy Long Life Soy Milk 1l,https://www.woolworths.com.au/shop/productdetails/56731/bonsoy-long-life-soy-milk,,https://assets.woolworths.com.au/images/1005/56731.jpg?impolicy=wowsmkqiema&w=260&h=260,$4.80,,$4.80 / 1L, Add to cart , Save to list 
Starbucks By Nespresso Caffe Verona Coffee Pods 10 Pack,https://www.woolworths.com.au/shop/productdetails/59693/starbucks-by-nespresso-caffe-verona-coffee-pods,,https://assets.woolworths.com.au/images/1005/59693.jpg?impolicy=wowsmkqiema&w=260&h=260,$7.90,,$0.79 / 1EA, Add to cart , Save to list 
Pepsi Max Bottle 2l,https://www.woolworths.com.au/shop/productdetails/7984/pepsi-max-bottle,,https://assets.woolworths.com.au/images/1005/7984.jpg?impolicy=wowsmkqiema&w=260&h=260,,,,, Save to list 
Schweppes Raspberry 1.1l,https://www.woolworths.com.au/shop/productdetails/703402/schweppes-raspberry,,https://assets.woolworths.com.au/images/1005/703402.jpg?impolicy=wowsmkqiema&w=260&h=260,,,,, Save to list 
Vitasoy Soy Milky Regular 1l,https://www.woolworths.com.au/shop/productdetails/212840/vitasoy-soy-milky-regular,,https://assets.woolworths.com.au/images/1005/212840.jpg?impolicy=wowsmkqiema&w=260&h=260,$2.50,,$2.50 / 1L, Add to cart , Save to list 
Sustagen Vanilla Ready To Drink 3x250ml,https://www.woolworths.com.au/shop/productdetails/768721/sustagen-vanilla-ready-to-drink,https://www.woolworths.com.au/content/promotiontags/roundel-special-200x200.png,https://assets.woolworths.com.au/images/1005/768721.jpg?impolicy=wowsmkqiema&w=260&h=260,$4.90,$6.20,$6.53 / 1L, Add to cart , Save to list 
Moore's Ultra Pure Still Water 5l,https://www.woolworths.com.au/shop/productdetails/113395/moore-s-ultra-pure-still-water,,https://assets.woolworths.com.au/images/1005/113395.jpg?impolicy=wowsmkqiema&w=260&h=260,$4.70,,$0.94 / 1L, Add to cart , Save to list 
Santa Vittoria Sparkling Mineral Water 1.5l,https://www.woolworths.com.au/shop/productdetails/229152/santa-vittoria-sparkling-mineral-water,,https://assets.woolworths.com.au/images/1005/229152.jpg?impolicy=wowsmkqiema&w=260&h=260,$3.60,,$2.40 / 1L, Add to cart , Save to list 
Pureau Pure Water 5l,https://www.woolworths.com.au/shop/productdetails/38724/pureau-pure-water,,https://assets.woolworths.com.au/images/1005/38724.jpg?impolicy=wowsmkqiema&w=260&h=260,$5.85,,$1.17 / 1L, Add to cart , Save to list 
Schweppes Infused Natural Mineral Water Raspberry Zero Sugar 375ml X10 Pack,https://www.woolworths.com.au/shop/productdetails/189186/schweppes-infused-natural-mineral-water-raspberry-zero-sugar,,https://assets.woolworths.com.au/images/1005/189186.jpg?impolicy=wowsmkqiema&w=260&h=260,$15.00,,$4.00 / 1L, Add to cart , Save to list 
Fever-tree Refreshingly Light Premium Mediterranean Tonic Water 500ml,https://www.woolworths.com.au/shop/productdetails/155824/fever-tree-refreshingly-light-premium-mediterranean-tonic-water,,https://assets.woolworths.com.au/images/1005/155824.jpg?impolicy=wowsmkqiema&w=260&h=260,$4.50,,$9.00 / 1L, Add to cart , Save to list 
Powerade Ion4 Mountain Blast Sports Drink Sipper Cap 600ml,https://www.woolworths.com.au/shop/productdetails/365190/powerade-ion4-mountain-blast-sports-drink-sipper-cap,https://www.woolworths.com.au/content/promotiontags/roundel-special-200x200.png,https://assets.woolworths.com.au/images/1005/365190.jpg?impolicy=wowsmkqiema&w=260&h=260,$2.40,$4.00,$4.00 / 1L, Add to cart , Save to list 
Schweppes Infused Natural Mineral Water Blood Orange & Mango 375ml X10 Pack,https://www.woolworths.com.au/shop/productdetails/189114/schweppes-infused-natural-mineral-water-blood-orange-mango,,https://assets.woolworths.com.au/images/1005/189114.jpg?impolicy=wowsmkqiema&w=260&h=260,$15.00,,$4.00 / 1L, Add to cart , Save to list 
Woolworths Lemonade Bottle 1.25l,https://www.woolworths.com.au/shop/productdetails/333339/woolworths-lemonade-bottle,https://www.woolworths.com.au/content/promotiontags/final_only_at_woolworths_roundel_200x200.png,https://assets.woolworths.com.au/images/1005/333339.jpg?impolicy=wowsmkqiema&w=260&h=260,$1.10,,$0.88 / 1L, Add to cart , Save to list 
Pump Spring Water Bottle 1.25l,https://www.woolworths.com.au/shop/productdetails/148409/pump-spring-water-bottle,,https://assets.woolworths.com.au/images/1005/148409.jpg?impolicy=wowsmkqiema&w=260&h=260,$2.95,,$2.36 / 1L, Add to cart , Save to list 
Schweppes Natural Mineral Water 300ml X4 Pack,https://www.woolworths.com.au/shop/productdetails/253762/schweppes-natural-mineral-water-water,,https://assets.woolworths.com.au/images/1005/253762.jpg?impolicy=wowsmkqiema&w=260&h=260,,,,, Save to list 
Fever-tree Premium Indian Tonic Water 500ml,https://www.woolworths.com.au/shop/productdetails/841115/fever-tree-premium-indian-tonic-water,,https://assets.woolworths.com.au/images/1005/841115.jpg?impolicy=wowsmkqiema&w=260&h=260,$4.50,,$9.00 / 1L, Add to cart , Save to list 
Coca-cola No Sugar Soft Drink Multipack Cans 375ml X24 Pack,https://www.woolworths.com.au/shop/productdetails/669683/coca-cola-no-sugar-soft-drink-multipack-cans,,https://assets.woolworths.com.au/images/1005/669683.jpg?impolicy=wowsmkqiema&w=260&h=260,$36.70,,$4.08 / 1L, Add to cart , Save to list 
Twinings Camomile & Spearmint Tea Bags 10 Pack,https://www.woolworths.com.au/shop/productdetails/87275/twinings-camomile-spearmint-tea-bags-tea-bags,,https://assets.woolworths.com.au/images/1005/87275.jpg?impolicy=wowsmkqiema&w=260&h=260,,,,, Save to list 
Schweppes Lemon Lime & Bitters 300ml X4 Pack,https://www.woolworths.com.au/shop/productdetails/253766/schweppes-lemon-lime-bitters,https://www.woolworths.com.au/content/promotiontags/roundel-buy-more-save-more-200x200.png,https://assets.woolworths.com.au/images/1005/253766.jpg?impolicy=wowsmkqiema&w=260&h=260,$7.00,,$5.83 / 1L, Add to cart , Save to list 
Mount Franklin Lightly Sparkling Water Mango 375ml X10 Pack,https://www.woolworths.com.au/shop/productdetails/176210/mount-franklin-lightly-sparkling-water-mango,https://www.woolworths.com.au/content/promotiontags/roundel-special-200x200.png,https://assets.woolworths.com.au/images/1005/176210.jpg?impolicy=wowsmkqiema&w=260&h=260,$9.65,$16.10,$2.57 / 1L, Add to cart , Save to list 
Quarter Past Vanilla Coffee Syrup 250ml,https://www.woolworths.com.au/shop/productdetails/789306/quarter-past-vanilla-coffee-syrup-vanilla,,https://assets.woolworths.com.au/images/1005/789306.jpg?impolicy=wowsmkqiema&w=260&h=260,,,,, Save to list 
Robert Timms Italian Espresso Style Coffee Bags 28 Pack,https://www.woolworths.com.au/shop/productdetails/283136/robert-timms-italian-espresso-style-coffee-bags,,https://assets.woolworths.com.au/images/1005/283136.jpg?impolicy=wowsmkqiema&w=260&h=260,$13.50,,$0.48 / 1EA, Add to cart , Save to list 
Fever-tree Elderflower Tonic Water Bottles 200ml X 4 Pack,https://www.woolworths.com.au/shop/productdetails/995405/fever-tree-elderflower-tonic-water-bottles,https://www.woolworths.com.au/content/promotiontags/roundel-special-200x200.png,https://assets.woolworths.com.au/images/1005/995405.jpg?impolicy=wowsmkqiema&w=260&h=260,$7.00,$8.00,$8.75 / 1L, Add to cart , Save to list 
Schweppes Infused Natural Mineral Water Lime Zero Sugar 375ml X10 Pack,https://www.woolworths.com.au/shop/productdetails/189233/schweppes-infused-natural-mineral-water-lime-zero-sugar,,https://assets.woolworths.com.au/images/1005/189233.jpg?impolicy=wowsmkqiema&w=260&h=260,,,,, Save to list 
Taylors Of Harrogate Yorkshire Extra Strong Tea Bags 100 Pack,https://www.woolworths.com.au/shop/productdetails/576100/taylors-of-harrogate-yorkshire-extra-strong-tea-bags,,https://assets.woolworths.com.au/images/1005/576100.jpg?impolicy=wowsmkqiema&w=260&h=260,$6.50,,$0.07 / 1EA, Add to cart , Save to list 
Twinings Pure Peppermint Tea Bags 80 Pack,https://www.woolworths.com.au/shop/productdetails/888487/twinings-pure-peppermint-tea-bags,https://www.woolworths.com.au/content/promotiontags/roundel-half-price-200x200.png,https://assets.woolworths.com.au/images/1005/888487.jpg?impolicy=wowsmkqiema&w=260&h=260,$6.75,$13.50,$0.08 / 1EA, Add to cart , Save to list 
Woolworths Apple Juice 2l,https://www.woolworths.com.au/shop/productdetails/825527/woolworths-apple-juice,,https://assets.woolworths.com.au/images/1005/825527.jpg?impolicy=wowsmkqiema&w=260&h=260,$2.80,,$1.40 / 1L, Add to cart , Save to list 
V8 Vegetable Juice Original 1.25l,https://www.woolworths.com.au/shop/productdetails/749813/v8-vegetable-juice-original,,https://assets.woolworths.com.au/images/1005/749813.jpg?impolicy=wowsmkqiema&w=260&h=260,$5.50,,$4.40 / 1L, Add to cart , Save to list 
Twinings Pure Camomile Tea Bags 10 Pack,https://www.woolworths.com.au/shop/productdetails/931157/twinings-pure-camomile-tea-bags-bags,,https://assets.woolworths.com.au/images/1005/931157.jpg?impolicy=wowsmkqiema&w=260&h=260,$3.00,,$0.30 / 1EA, Add to cart , Save to list 
Woolworths Diet Orange & Passionfruit Sparkling Mineral Water 1.25l,https://www.woolworths.com.au/shop/productdetails/756077/woolworths-diet-orange-passionfruit-sparkling-mineral-water,https://www.woolworths.com.au/content/promotiontags/final_only_at_woolworths_roundel_200x200.png,https://assets.woolworths.com.au/images/1005/756077.jpg?impolicy=wowsmkqiema&w=260&h=260,$1.10,,$0.88 / 1L, Add to cart , Save to list 
Schweppes Natural Mineral Water Lemon & Lime 1.1l,https://www.woolworths.com.au/shop/productdetails/634293/schweppes-natural-mineral-water-lemon-lime,,https://assets.woolworths.com.au/images/1005/634293.jpg?impolicy=wowsmkqiema&w=260&h=260,,,,, Save to list 
Woolworths Orange Juice 2l,https://www.woolworths.com.au/shop/productdetails/825528/woolworths-orange-juice,,https://assets.woolworths.com.au/images/1005/825528.jpg?impolicy=wowsmkqiema&w=260&h=260,$2.80,,$1.40 / 1L, Add to cart , Save to list 
Coca-cola No Sugar Soft Drink Bottle 2l,https://www.woolworths.com.au/shop/productdetails/672966/coca-cola-no-sugar-soft-drink-bottle,,https://assets.woolworths.com.au/images/1005/672966.jpg?impolicy=wowsmkqiema&w=260&h=260,$3.65,,$1.83 / 1L, Add to cart , Save to list 
Schweppes Lemon Lime & Bitters 1.1l,https://www.woolworths.com.au/shop/productdetails/634290/schweppes-lemon-lime-bitters,,https://assets.woolworths.com.au/images/1005/634290.jpg?impolicy=wowsmkqiema&w=260&h=260,,,,, Save to list 
Twinings Cranberry & Pomegranate Tea Bags 10 Pack,https://www.woolworths.com.au/shop/productdetails/701318/twinings-cranberry-pomegranate-tea-bags,,https://assets.woolworths.com.au/images/1005/701318.jpg?impolicy=wowsmkqiema&w=260&h=260,$3.00,,$0.30 / 1EA, Add to cart , Save to list 
Twinings Earl Grey Tea Bags 100 Pack,https://www.woolworths.com.au/shop/productdetails/72617/twinings-earl-grey-tea-bags-tea-bags,,https://assets.woolworths.com.au/images/1005/72617.jpg?impolicy=wowsmkqiema&w=260&h=260,$13.50,,$0.14 / 1EA, Add to cart , Save to list 
Alka Power Alkaline Water 1.5l Bottle,https://www.woolworths.com.au/shop/productdetails/507997/alka-power-alkaline-water,,https://assets.woolworths.com.au/images/1005/507997.jpg?impolicy=wowsmkqiema&w=260&h=260,$3.50,,$2.33 / 1L, Add to cart , Save to list 
Woolworths Lemonade Zero Sugar Bottle 1.25l,https://www.woolworths.com.au/shop/productdetails/756025/woolworths-lemonade-zero-sugar-bottle,https://www.woolworths.com.au/content/promotiontags/final_only_at_woolworths_roundel_200x200.png,https://assets.woolworths.com.au/images/1005/756025.jpg?impolicy=wowsmkqiema&w=260&h=260,$1.10,,$0.88 / 1L, Add to cart , Save to list 
Schweppes Dry Ginger Ale 1.1l,https://www.woolworths.com.au/shop/productdetails/634266/schweppes-dry-ginger-ale,,https://assets.woolworths.com.au/images/1005/634266.jpg?impolicy=wowsmkqiema&w=260&h=260,,,,, Save to list 
Twinings Earl Grey Tea Bags 10 Pack,https://www.woolworths.com.au/shop/productdetails/41944/twinings-earl-grey-tea-bags-tea-bags,,https://assets.woolworths.com.au/images/1005/41944.jpg?impolicy=wowsmkqiema&w=260&h=260,$3.00,,$0.30 / 1EA, Add to cart , Save to list 
Coca-cola Classic Soft Drink Multipack Cans 375ml X30 Pack,https://www.woolworths.com.au/shop/productdetails/84552/coca-cola-classic-soft-drink-multipack-cans,https://www.woolworths.com.au/content/promotiontags/roundel-special-200x200.png,https://assets.woolworths.com.au/images/1005/84552.jpg?impolicy=wowsmkqiema&w=260&h=260,$26.90,$44.90,$2.39 / 1L, Add to cart , Save to list 
Sprite Zero Sugar Lemonade Soft Drink Mini Bottles 300ml X12 Pack,https://www.woolworths.com.au/shop/productdetails/221822/sprite-zero-sugar-lemonade-soft-drink-mini-bottles,,https://assets.woolworths.com.au/images/1005/221822.jpg?impolicy=wowsmkqiema&w=260&h=260,$16.85,,$4.68 / 1L, Add to cart , Save to list 
Solo Zero Sugar Cans 375ml X24 Case,https://www.woolworths.com.au/shop/productdetails/155291/solo-zero-sugar-cans,,https://assets.woolworths.com.au/images/1005/155291.jpg?impolicy=wowsmkqiema&w=260&h=260,$29.50,,$3.28 / 1L, Add to cart , Save to list 
Higher Living Rooibos African Tea 40 Pack,https://www.woolworths.com.au/shop/productdetails/728344/higher-living-rooibos-african-tea,,https://assets.woolworths.com.au/images/1005/728344.jpg?impolicy=wowsmkqiema&w=260&h=260,$5.50,,$0.14 / 1EA, Add to cart , Save to list 
Twinings Pure Green Tea Bags 100 Pack,https://www.woolworths.com.au/shop/productdetails/318680/twinings-pure-green-tea-bags-bags,,https://assets.woolworths.com.au/images/1005/318680.jpg?impolicy=wowsmkqiema&w=260&h=260,$13.50,,$0.14 / 1EA, Add to cart , Save to list 
Vitasoy Original Soy Milk 1l,https://www.woolworths.com.au/shop/productdetails/35617/vitasoy-original-soy-milk,,https://assets.woolworths.com.au/images/1005/35617.jpg?impolicy=wowsmkqiema&w=260&h=260,$3.00,,$3.00 / 1L, Add to cart , Save to list 
Rockstar Energy Drink Guava Energy Drink 500ml X4 Pack,https://www.woolworths.com.au/shop/productdetails/361691/rockstar-energy-drink-guava-energy-drink,,https://assets.woolworths.com.au/images/1005/361691.jpg?impolicy=wowsmkqiema&w=260&h=260,$8.50,,$4.25 / 1L, Add to cart , Save to list 
Schweppes Infused Natural Mineral Water With Raspberry 1.1l,https://www.woolworths.com.au/shop/productdetails/634298/schweppes-infused-natural-mineral-water-with-raspberry,https://www.woolworths.com.au/content/promotiontags/roundel-special-200x200.png,https://assets.woolworths.com.au/images/1005/634298.jpg?impolicy=wowsmkqiema&w=260&h=260,$1.50,$2.50,$1.36 / 1L, Add to cart , Save to list 
Sunkist Bottle 1.25l,https://www.woolworths.com.au/shop/productdetails/12011/sunkist-bottle,,https://assets.woolworths.com.au/images/1005/12011.jpg?impolicy=wowsmkqiema&w=260&h=260,$2.70,,$2.16 / 1L, Add to cart , Save to list 
Lipton Quality Black Tea Bags 200 Pack,https://www.woolworths.com.au/shop/productdetails/587903/lipton-quality-black-tea-bags,,https://assets.woolworths.com.au/images/1005/587903.jpg?impolicy=wowsmkqiema&w=260&h=260,$8.00,,$0.04 / 1EA, Add to cart , Save to list 
Twinings Tea Bags Lemon & Ginger 80 Pack,https://www.woolworths.com.au/shop/productdetails/931160/twinings-tea-bags-lemon-ginger,https://www.woolworths.com.au/content/promotiontags/roundel-half-price-200x200.png,https://assets.woolworths.com.au/images/1005/931160.jpg?impolicy=wowsmkqiema&w=260&h=260,$6.75,$13.50,$0.08 / 1EA, Add to cart , Save to list 
Staminade Lemon & Lime Powder 585g,https://www.woolworths.com.au/shop/productdetails/341051/staminade-lemon-lime-powder,,https://assets.woolworths.com.au/images/1005/341051.jpg?impolicy=wowsmkqiema&w=260&h=260,$10.80,,$1.85 / 100G, Add to cart , Save to list 
Vitasoy Soy & Protein Unsweetened Milk 1l,https://www.woolworths.com.au/shop/productdetails/83114/vitasoy-soy-protein-unsweetened-milk,,https://assets.woolworths.com.au/images/1005/83114.jpg?impolicy=wowsmkqiema&w=260&h=260,$4.50,,$4.50 / 1L, Add to cart , Save to list 
Pump Spring Water Bottle 750ml,https://www.woolworths.com.au/shop/productdetails/153622/pump-spring-water-bottle,https://www.woolworths.com.au/content/promotiontags/chilled-roundel.png,https://assets.woolworths.com.au/images/1005/153622.jpg?impolicy=wowsmkqiema&w=260&h=260,$2.90,,$3.87 / 1L, Add to cart , Save to list 
Devondale 100% Pure Full Cream Long Life Milk 1l,https://www.woolworths.com.au/shop/productdetails/33557/devondale-100-pure-full-cream-long-life-milk,,https://assets.woolworths.com.au/images/1005/33557.jpg?impolicy=wowsmkqiema&w=260&h=260,$2.20,,$2.20 / 1L, Add to cart , Save to list 
Mount Franklin Lightly Sparkling Water Wild Berry Bottle 1.25l,https://www.woolworths.com.au/shop/productdetails/178132/mount-franklin-lightly-sparkling-water-wild-berry-bottle,https://www.woolworths.com.au/content/promotiontags/roundel-special-200x200.png,https://assets.woolworths.com.au/images/1005/178132.jpg?impolicy=wowsmkqiema&w=260&h=260,$1.70,$2.85,$1.36 / 1L, Add to cart , Save to list 
Woolworths Free From Lactose Lite Milk 1l,https://www.woolworths.com.au/shop/productdetails/799813/woolworths-free-from-lactose-lite-milk,,https://assets.woolworths.com.au/images/1005/799813.jpg?impolicy=wowsmkqiema&w=260&h=260,$2.00,,$2.00 / 1L, Add to cart , Save to list 
V8 Vegetable Juice Low Sodium 1.25l,https://www.woolworths.com.au/shop/productdetails/749834/v8-vegetable-juice-low-sodium,,https://assets.woolworths.com.au/images/1005/749834.jpg?impolicy=wowsmkqiema&w=260&h=260,$5.50,,$4.40 / 1L, Add to cart , Save to list 
Schweppes Infused Natural Mineral Water With Blood Orange & Mango 1.1l,https://www.woolworths.com.au/shop/productdetails/80533/schweppes-infused-natural-mineral-water-with-blood-orange-mango,,https://assets.woolworths.com.au/images/1005/80533.jpg?impolicy=wowsmkqiema&w=260&h=260,,,,, Save to list 
Twinings Orange & Cinnamon Tea Bags 10 Pack,https://www.woolworths.com.au/shop/productdetails/791152/twinings-orange-cinnamon-tea-bags-tea,,https://assets.woolworths.com.au/images/1005/791152.jpg?impolicy=wowsmkqiema&w=260&h=260,$3.00,,$0.30 / 1EA, Add to cart , Save to list 
Schweppes Lemonade Can 375ml X30 Pack,https://www.woolworths.com.au/shop/productdetails/773144/schweppes-lemonade-can,,https://assets.woolworths.com.au/images/1005/773144.jpg?impolicy=wowsmkqiema&w=260&h=260,$24.00,,$2.13 / 1L, Add to cart , Save to list 
Powerade Ion4 Gold Rush Sports Drink Sipper Cap 600ml,https://www.woolworths.com.au/shop/productdetails/365186/powerade-ion4-gold-rush-sports-drink-sipper-cap,https://www.woolworths.com.au/content/promotiontags/roundel-special-200x200.png,https://assets.woolworths.com.au/images/1005/365186.jpg?impolicy=wowsmkqiema&w=260&h=260,$2.40,$4.00,$4.00 / 1L, Add to cart , Save to list 
Vitasoy Rice Milk 1l,https://www.woolworths.com.au/shop/productdetails/209424/vitasoy-rice-milk,,https://assets.woolworths.com.au/images/1005/209424.jpg?impolicy=wowsmkqiema&w=260&h=260,$3.30,,$3.30 / 1L, Add to cart , Save to list 
Coca-cola No Sugar Soft Drink Multipack Cans 375ml X30 Pack,https://www.woolworths.com.au/shop/productdetails/679121/coca-cola-no-sugar-soft-drink-multipack-cans,https://www.woolworths.com.au/content/promotiontags/roundel-special-200x200.png,https://assets.woolworths.com.au/images/1005/679121.jpg?impolicy=wowsmkqiema&w=260&h=260,$26.90,$44.90,$2.39 / 1L, Add to cart , Save to list 
Bushells Blue Label Tea Bags Black 50 Pack,https://www.woolworths.com.au/shop/productdetails/36643/bushells-blue-label-tea-bags-black,,https://assets.woolworths.com.au/images/1005/36643.jpg?impolicy=wowsmkqiema&w=260&h=260,$2.20,,$0.04 / 1EA, Add to cart , Save to list 
V8 Tropical Juce Multipack 3 X 250ml,https://www.woolworths.com.au/shop/productdetails/365259/v8-tropical-juce-multipack,,https://assets.woolworths.com.au/images/1005/365259.jpg?impolicy=wowsmkqiema&w=260&h=260,$4.30,,$5.73 / 1L, Add to cart , Save to list 
Coca-cola Classic Soft Drink Bottle 2l,https://www.woolworths.com.au/shop/productdetails/38121/coca-cola-classic-soft-drink-bottle,,https://assets.woolworths.com.au/images/1005/38121.jpg?impolicy=wowsmkqiema&w=260&h=260,$3.65,,$1.83 / 1L, Add to cart , Save to list 
Santa Vittoria Sparkling Mineral Water 6x1.5l Bottles,https://www.woolworths.com.au/shop/productdetails/647007/santa-vittoria-sparkling-mineral-water,,https://assets.woolworths.com.au/images/1005/647007.jpg?impolicy=wowsmkqiema&w=260&h=260,$20.40,,$2.27 / 1L, Add to cart , Save to list 
Sunkist Orange Cans 375ml X10 Pack,https://www.woolworths.com.au/shop/productdetails/140921/sunkist-orange-cans,,https://assets.woolworths.com.au/images/1005/140921.jpg?impolicy=wowsmkqiema&w=260&h=260,$16.50,,$4.40 / 1L, Add to cart , Save to list 
Raw C Coconut Water Pure Natural 1l,https://www.woolworths.com.au/shop/productdetails/785627/raw-c-coconut-water-pure-natural,,https://assets.woolworths.com.au/images/1005/785627.jpg?impolicy=wowsmkqiema&w=260&h=260,$5.00,,$5.00 / 1L, Add to cart , Save to list 
Starbucks By Nespresso Espresso Roast Coffee Pods 10 Pack,https://www.woolworths.com.au/shop/productdetails/59704/starbucks-by-nespresso-espresso-roast-coffee-pods,,https://assets.woolworths.com.au/images/1005/59704.jpg?impolicy=wowsmkqiema&w=260&h=260,$7.90,,$0.79 / 1EA, Add to cart , Save to list 
Nerada Organic Rooibos & Vanilla Tea Bags 50 Pack,https://www.woolworths.com.au/shop/productdetails/319056/nerada-organic-rooibos-vanilla-tea-bags,,https://assets.woolworths.com.au/images/1005/319056.jpg?impolicy=wowsmkqiema&w=260&h=260,$5.10,,$0.10 / 1EA, Add to cart , Save to list 
Pureau Pure Water 2l,https://www.woolworths.com.au/shop/productdetails/594964/pureau-pure-water,,https://assets.woolworths.com.au/images/1005/594964.jpg?impolicy=wowsmkqiema&w=260&h=260,,,,, Save to list 
Sanitarium So Good Long Life Unsweetened Almond Milk 1l,https://www.woolworths.com.au/shop/productdetails/744490/sanitarium-so-good-long-life-unsweetened-almond-milk,,https://assets.woolworths.com.au/images/1005/744490.jpg?impolicy=wowsmkqiema&w=260&h=260,$2.90,,$2.90 / 1L, Add to cart , Save to list 
Macro Organic Soy Long Life Milk 1l,https://www.woolworths.com.au/shop/productdetails/215455/macro-organic-soy-long-life-milk,,https://assets.woolworths.com.au/images/1005/215455.jpg?impolicy=wowsmkqiema&w=260&h=260,$1.60,,$1.60 / 1L, Add to cart , Save to list 
Sustagen Dutch Chocolate Flavour 550g,https://www.woolworths.com.au/shop/productdetails/86696/sustagen-dutch-chocolate-flavour,https://www.woolworths.com.au/content/promotiontags/roundel-special-200x200.png,https://assets.woolworths.com.au/images/1005/86696.jpg?impolicy=wowsmkqiema&w=260&h=260,$6.50,$10.50,$1.18 / 100G, Add to cart , Save to list 
Sanitarium So Good Long Life Lite Soy Milk 1l,https://www.woolworths.com.au/shop/productdetails/16307/sanitarium-so-good-long-life-lite-soy-milk,,https://assets.woolworths.com.au/images/1005/16307.jpg?impolicy=wowsmkqiema&w=260&h=260,$2.20,,$2.20 / 1L, Add to cart , Save to list 
Fever-tree Refreshingly Light Premium Indian Tonic Water Bottles 200ml X 4 Pack,https://www.woolworths.com.au/shop/productdetails/990001/fever-tree-refreshingly-light-premium-indian-tonic-water-bottles,https://www.woolworths.com.au/content/promotiontags/roundel-special-200x200.png,https://assets.woolworths.com.au/images/1005/990001.jpg?impolicy=wowsmkqiema&w=260&h=260,$7.00,$8.00,$8.75 / 1L, Add to cart , Save to list 
V8 Healthy Apple Juice Juice 1.25l,https://www.woolworths.com.au/shop/productdetails/78069/v8-healthy-apple-juice-juice,,https://assets.woolworths.com.au/images/1005/78069.jpg?impolicy=wowsmkqiema&w=260&h=260,$5.50,,$4.40 / 1L, Add to cart , Save to list 
Schweppes Lemonade 300ml X4 Pack,https://www.woolworths.com.au/shop/productdetails/253828/schweppes-lemonade,https://www.woolworths.com.au/content/promotiontags/roundel-buy-more-save-more-200x200.png,https://assets.woolworths.com.au/images/1005/253828.jpg?impolicy=wowsmkqiema&w=260&h=260,$7.00,,$5.83 / 1L, Add to cart , Save to list 
Pureau Ultra Pure Water 600ml X 12 Pack,https://www.woolworths.com.au/shop/productdetails/175497/pureau-ultra-pure-water,,https://assets.woolworths.com.au/images/1005/175497.jpg?impolicy=wowsmkqiema&w=260&h=260,$9.30,,$1.29 / 1L, Add to cart , Save to list 
Fever-tree Refreshingly Light Tonic Water 500ml,https://www.woolworths.com.au/shop/productdetails/686285/fever-tree-refreshingly-light-tonic-water,,https://assets.woolworths.com.au/images/1005/686285.jpg?impolicy=wowsmkqiema&w=260&h=260,$4.50,,$9.00 / 1L, Add to cart , Save to list 
Twinings Chai Vanilla Tea Bags 10 Pack,https://www.woolworths.com.au/shop/productdetails/750405/twinings-chai-vanilla-tea-bags-chai-tea,,https://assets.woolworths.com.au/images/1005/750405.jpg?impolicy=wowsmkqiema&w=260&h=260,$3.00,,$0.30 / 1EA, Add to cart , Save to list 
Pepsi Max Bottle 1.25l,https://www.woolworths.com.au/shop/productdetails/7985/pepsi-max-bottle,,https://assets.woolworths.com.au/images/1005/7985.jpg?impolicy=wowsmkqiema&w=260&h=260,,,,, Save to list 
Coca-cola Classic Soft Drink Bottle 1.25l,https://www.woolworths.com.au/shop/productdetails/32731/coca-cola-classic-soft-drink-bottle,https://www.woolworths.com.au/content/promotiontags/roundel-special-200x200.png,https://assets.woolworths.com.au/images/1005/32731.jpg?impolicy=wowsmkqiema&w=260&h=260,$2.10,$3.55,$1.68 / 1L, Add to cart , Save to list 
Tetley Decaffeinated Tea Bags 100 Pack,https://www.woolworths.com.au/shop/productdetails/156690/tetley-decaffeinated-tea-bags,https://www.woolworths.com.au/content/promotiontags/roundel-special-200x200.png,https://assets.woolworths.com.au/images/1005/156690.jpg?impolicy=wowsmkqiema&w=260&h=260,$5.50,$6.90,$0.06 / 1EA, Add to cart , Save to list 
Starbucks By Nespresso Blonde Espresso Roast Coffee Pods 10 Pack,https://www.woolworths.com.au/shop/productdetails/59352/starbucks-by-nespresso-blonde-espresso-roast-coffee-pods,,https://assets.woolworths.com.au/images/1005/59352.jpg?impolicy=wowsmkqiema&w=260&h=260,$7.90,,$0.79 / 1EA, Add to cart , Save to list 
Twinings Australian Afternoon Black Tea Bags 10 Pack,https://www.woolworths.com.au/shop/productdetails/714439/twinings-australian-afternoon-black-tea-bags,,https://assets.woolworths.com.au/images/1005/714439.jpg?impolicy=wowsmkqiema&w=260&h=260,$3.00,,$0.30 / 1EA, Add to cart , Save to list 
Schweppes Brown Cream Soda 1.1l,https://www.woolworths.com.au/shop/productdetails/707972/schweppes-brown-cream-soda,,https://assets.woolworths.com.au/images/1005/707972.jpg?impolicy=wowsmkqiema&w=260&h=260,,,,, Save to list 
Celestial Sleepy Time Herbal Tea Bags 40 Pack,https://www.woolworths.com.au/shop/productdetails/91905/celestial-sleepy-time-herbal-tea-bags,,https://assets.woolworths.com.au/images/1005/91905.jpg?impolicy=wowsmkqiema&w=260&h=260,$9.50,,$0.24 / 1EA, Add to cart , Save to list 
V8 Power Blend Juice Purple Power 1.25l,https://www.woolworths.com.au/shop/productdetails/887085/v8-power-blend-juice-purple-power,,https://assets.woolworths.com.au/images/1005/887085.jpg?impolicy=wowsmkqiema&w=260&h=260,$6.00,,$4.80 / 1L, Add to cart , Save to list 
Schweppes Dry Ginger Ale 300ml X4 Pack,https://www.woolworths.com.au/shop/productdetails/253811/schweppes-dry-ginger-ale,https://www.woolworths.com.au/content/promotiontags/roundel-buy-more-save-more-200x200.png,https://assets.woolworths.com.au/images/1005/253811.jpg?impolicy=wowsmkqiema&w=260&h=260,$7.00,,$5.83 / 1L, Add to cart , Save to list 
Twinings Australian Afternoon Tea Bags 100 Pack,https://www.woolworths.com.au/shop/productdetails/714457/twinings-australian-afternoon-tea-bags-tea-bags,,https://assets.woolworths.com.au/images/1005/714457.jpg?impolicy=wowsmkqiema&w=260&h=260,$13.50,,$0.14 / 1EA, Add to cart , Save to list 
Vitasoy Oat Milky Uht Milk 1l,https://www.woolworths.com.au/shop/productdetails/148781/vitasoy-oat-milky-uht-milk,,https://assets.woolworths.com.au/images/1005/148781.jpg?impolicy=wowsmkqiema&w=260&h=260,$3.00,,$3.00 / 1L, Add to cart , Save to list 
T2 French Earl Grey Black Tea Bags 25 Pack,https://www.woolworths.com.au/shop/productdetails/727013/t2-french-earl-grey-black-tea-bags,,https://assets.woolworths.com.au/images/1005/727013.jpg?impolicy=wowsmkqiema&w=260&h=260,$16.00,,$0.64 / 1EA, Add to cart , Save to list 
T2 Melbourne Breakfast Black Tea Bags 25 Pack,https://www.woolworths.com.au/shop/productdetails/726937/t2-melbourne-breakfast-black-tea-bags,,https://assets.woolworths.com.au/images/1005/726937.jpg?impolicy=wowsmkqiema&w=260&h=260,$16.00,,$0.64 / 1EA, Add to cart , Save to list 
Sunraysia Tropical Juice 200ml,https://www.woolworths.com.au/shop/productdetails/135920/sunraysia-tropical-juice,https://www.woolworths.com.au/content/promotiontags/roundel-buy-more-save-more-200x200.png,https://assets.woolworths.com.au/images/1005/135920.jpg?impolicy=wowsmkqiema&w=260&h=260,$1.50,,$7.50 / 1L, Add to cart , Save to list 
Woolworths Passionfruit Bottle 1.25l,https://www.woolworths.com.au/shop/productdetails/570637/woolworths-passionfruit-bottle,https://www.woolworths.com.au/content/promotiontags/final_only_at_woolworths_roundel_200x200.png,https://assets.woolworths.com.au/images/1005/570637.jpg?impolicy=wowsmkqiema&w=260&h=260,$1.10,,$0.88 / 1L, Add to cart , Save to list 
Pureharvest Organic Oat Milk 1l,https://www.woolworths.com.au/shop/productdetails/86298/pureharvest-organic-oat-milk,,https://assets.woolworths.com.au/images/1005/86298.jpg?impolicy=wowsmkqiema&w=260&h=260,$2.80,,$2.80 / 1L, Add to cart , Save to list 
Twinings English Breakfast Extra Strong Tea Bags 10 Pack,https://www.woolworths.com.au/shop/productdetails/829549/twinings-english-breakfast-extra-strong-tea-bags,,https://assets.woolworths.com.au/images/1005/829549.jpg?impolicy=wowsmkqiema&w=260&h=260,$3.00,,$0.30 / 1EA, Add to cart , Save to list 
Gatorade Lemon Lime Sports Drink 600ml,https://www.woolworths.com.au/shop/productdetails/30441/gatorade-lemon-lime-sports-drink,https://www.woolworths.com.au/content/promotiontags/roundel-special-200x200.png,https://assets.woolworths.com.au/images/1005/30441.jpg?impolicy=wowsmkqiema&w=260&h=260,$2.35,$4.00,$3.92 / 1L, Add to cart , Save to list 
V8 Apple Berry Juice Multipack 3 X 250ml,https://www.woolworths.com.au/shop/productdetails/749803/v8-apple-berry-juice-multipack,,https://assets.woolworths.com.au/images/1005/749803.jpg?impolicy=wowsmkqiema&w=260&h=260,$4.30,,$5.73 / 1L, Add to cart , Save to list 
Perkii Strawberry Watermelon Probiotic Drink 350ml,https://www.woolworths.com.au/shop/productdetails/685790/perkii-strawberry-watermelon-probiotic-drink,,https://assets.woolworths.com.au/images/1005/685790.jpg?impolicy=wowsmkqiema&w=260&h=260,$4.40,,$12.57 / 1L, Add to cart , Save to list 
Woolworths Cola Bottle 1.25l,https://www.woolworths.com.au/shop/productdetails/756022/woolworths-cola-bottle,https://www.woolworths.com.au/content/promotiontags/final_only_at_woolworths_roundel_200x200.png,https://assets.woolworths.com.au/images/1005/756022.jpg?impolicy=wowsmkqiema&w=260&h=260,$1.10,,$0.88 / 1L, Add to cart , Save to list 
Robert Timms Premium Espresso Granulated Coffee 200g,https://www.woolworths.com.au/shop/productdetails/313153/robert-timms-premium-espresso-granulated-coffee,,https://assets.woolworths.com.au/images/1005/313153.jpg?impolicy=wowsmkqiema&w=260&h=260,$10.70,,$5.35 / 100G, Add to cart , Save to list 
Woolworths Lightly Sparkling Berry Infusions Spring Water 1.25l,https://www.woolworths.com.au/shop/productdetails/130686/woolworths-lightly-sparkling-berry-infusions-spring-water,,https://assets.woolworths.com.au/images/1005/130686.jpg?impolicy=wowsmkqiema&w=260&h=260,$1.35,,$1.08 / 1L, Add to cart , Save to list 
Solo Zero Sugar Soda Syrup 300ml,https://www.woolworths.com.au/shop/productdetails/159878/solo-zero-sugar-soda-syrup,https://www.woolworths.com.au/content/promotiontags/roundel-special-200x200.png,https://assets.woolworths.com.au/images/1005/159878.jpg?impolicy=wowsmkqiema&w=260&h=260,$3.60,$4.50,$12.00 / 1L, Add to cart , Save to list 
Sanpellegrino Essenza Tangerine & Wild Strawberry 330ml X8 Pack,https://www.woolworths.com.au/shop/productdetails/108493/sanpellegrino-essenza-tangerine-wild-strawberry,https://www.woolworths.com.au/content/promotiontags/roundel-half-price-200x200.png,https://assets.woolworths.com.au/images/1005/108493.jpg?impolicy=wowsmkqiema&w=260&h=260,$7.80,$15.60,$2.95 / 1L, Add to cart , Save to list 
Schweppes Dry Ginger Ale Zero Sugar Dry Ginger Ale 1.1l,https://www.woolworths.com.au/shop/productdetails/634268/schweppes-dry-ginger-ale-zero-sugar-dry-ginger-ale,https://www.woolworths.com.au/content/promotiontags/roundel-special-200x200.png,https://assets.woolworths.com.au/images/1005/634268.jpg?impolicy=wowsmkqiema&w=260&h=260,$1.50,$2.50,$1.36 / 1L, Add to cart , Save to list 
Sanitarium So Good Long Life Vanilla Bliss Soy Milk 1l,https://www.woolworths.com.au/shop/productdetails/5535/sanitarium-so-good-long-life-vanilla-bliss-soy-milk,,https://assets.woolworths.com.au/images/1005/5535.jpg?impolicy=wowsmkqiema&w=260&h=260,$3.00,,$3.00 / 1L, Add to cart , Save to list 
Robert Timms Premium Full-bodied Granulated Coffee 200g,https://www.woolworths.com.au/shop/productdetails/248699/robert-timms-premium-full-bodied-granulated-coffee,,https://assets.woolworths.com.au/images/1005/248699.jpg?impolicy=wowsmkqiema&w=260&h=260,$10.70,,$5.35 / 100G, Add to cart , Save to list 
Robert Timms Gold Colombia Coffee Bags 28 Pack,https://www.woolworths.com.au/shop/productdetails/26128/robert-timms-gold-colombia-coffee-bags,,https://assets.woolworths.com.au/images/1005/26128.jpg?impolicy=wowsmkqiema&w=260&h=260,$13.50,,$0.48 / 1EA, Add to cart , Save to list 
Twinings English Breakfast Tea  Bags 50 Pack,https://www.woolworths.com.au/shop/productdetails/42982/twinings-english-breakfast-tea-bags-tea-bags,,https://assets.woolworths.com.au/images/1005/42982.jpg?impolicy=wowsmkqiema&w=260&h=260,$7.50,,$0.15 / 1EA, Add to cart , Save to list 
Sunraysia Apple & Blackcurrant Juice 200ml,https://www.woolworths.com.au/shop/productdetails/136273/sunraysia-apple-blackcurrant-juice,https://www.woolworths.com.au/content/promotiontags/roundel-buy-more-save-more-200x200.png,https://assets.woolworths.com.au/images/1005/136273.jpg?impolicy=wowsmkqiema&w=260&h=260,$1.50,,$7.50 / 1L, Add to cart , Save to list 
Schweppes Infused Natural Mineral Water With Grapefruit 1.1l,https://www.woolworths.com.au/shop/productdetails/80544/schweppes-infused-natural-mineral-water-with-grapefruit,https://www.woolworths.com.au/content/promotiontags/roundel-special-200x200.png,https://assets.woolworths.com.au/images/1005/80544.jpg?impolicy=wowsmkqiema&w=260&h=260,$1.50,$2.50,$1.36 / 1L, Add to cart , Save to list 
Woolworths Cola Sugar Zero Bottle 1.25l,https://www.woolworths.com.au/shop/productdetails/756023/woolworths-cola-sugar-zero-bottle,https://www.woolworths.com.au/content/promotiontags/final_only_at_woolworths_roundel_200x200.png,https://assets.woolworths.com.au/images/1005/756023.jpg?impolicy=wowsmkqiema&w=260&h=260,$1.10,,$0.88 / 1L, Add to cart , Save to list 
Sodastream Fuse Bottle White 2x1l 2 Pack,https://www.woolworths.com.au/shop/productdetails/924728/sodastream-fuse-bottle-white-2x1l,,https://assets.woolworths.com.au/images/1005/924728.jpg?impolicy=wowsmkqiema&w=260&h=260,,,,, Save to list 
Gatorade Tropical Sports Drink 600ml,https://www.woolworths.com.au/shop/productdetails/30446/gatorade-tropical-sports-drink,https://www.woolworths.com.au/content/promotiontags/roundel-special-200x200.png,https://assets.woolworths.com.au/images/1005/30446.jpg?impolicy=wowsmkqiema&w=260&h=260,$2.35,$4.00,$3.92 / 1L, Add to cart , Save to list 
Woolworths Sweetened Condensed Milk 397g,https://www.woolworths.com.au/shop/productdetails/84763/woolworths-sweetened-condensed-milk,,https://assets.woolworths.com.au/images/1005/84763.jpg?impolicy=wowsmkqiema&w=260&h=260,$1.50,,$0.38 / 100G, Add to cart , Save to list 
Gatorade G-active Electrolyte Water Berry Flavoured No Sugar 600ml,https://www.woolworths.com.au/shop/productdetails/594960/gatorade-g-active-electrolyte-water-berry-flavoured-no-sugar,https://www.woolworths.com.au/content/promotiontags/roundel-special-200x200.png,https://assets.woolworths.com.au/images/1005/594960.jpg?impolicy=wowsmkqiema&w=260&h=260,$2.35,$4.00,$3.92 / 1L, Add to cart , Save to list 
Starbucks By Nespresso Single Origin Colombia Coffee Pods 10 Pack,https://www.woolworths.com.au/shop/productdetails/59694/starbucks-by-nespresso-single-origin-colombia-coffee-pods,,https://assets.woolworths.com.au/images/1005/59694.jpg?impolicy=wowsmkqiema&w=260&h=260,$7.90,,$0.79 / 1EA, Add to cart , Save to list 
Sodastream Llb Syrup 440ml,https://www.woolworths.com.au/shop/productdetails/682708/sodastream-llb-syrup,,https://assets.woolworths.com.au/images/1005/682708.jpg?impolicy=wowsmkqiema&w=260&h=260,$5.00,,$11.36 / 1L, Add to cart , Save to list 
Mount Franklin No Sugar Lightly Sparkling Watermelon Water Cans 10 X375ml,https://www.woolworths.com.au/shop/productdetails/221713/mount-franklin-no-sugar-lightly-sparkling-watermelon-water-cans,https://www.woolworths.com.au/content/promotiontags/roundel-special-200x200.png,https://assets.woolworths.com.au/images/1005/221713.jpg?impolicy=wowsmkqiema&w=260&h=260,$9.65,$16.10,$2.57 / 1L, Add to cart , Save to list 
Schweppes Agrum Blood Orange Blood Orange 1.1l,https://www.woolworths.com.au/shop/productdetails/662713/schweppes-agrum-blood-orange-blood-orange,https://www.woolworths.com.au/content/promotiontags/roundel-special-200x200.png,https://assets.woolworths.com.au/images/1005/662713.jpg?impolicy=wowsmkqiema&w=260&h=260,$1.50,$2.50,$1.36 / 1L, Add to cart , Save to list 
Mount Franklin No Sugar Lightly Sparkling Pineapple Water Cans 10 X375ml,https://www.woolworths.com.au/shop/productdetails/220986/mount-franklin-no-sugar-lightly-sparkling-pineapple-water-cans,https://www.woolworths.com.au/content/promotiontags/roundel-special-200x200.png,https://assets.woolworths.com.au/images/1005/220986.jpg?impolicy=wowsmkqiema&w=260&h=260,$9.65,$16.10,$2.57 / 1L, Add to cart , Save to list 
Woolworths Unsweetened Almond Milk 1l,https://www.woolworths.com.au/shop/productdetails/779134/woolworths-unsweetened-almond-milk,,https://assets.woolworths.com.au/images/1005/779134.jpg?impolicy=wowsmkqiema&w=260&h=260,$2.00,,$2.00 / 1L, Add to cart , Save to list 
Twinings Green Tea Bags 10 Pack 15g,https://www.woolworths.com.au/shop/productdetails/63010/twinings-green-tea-bags,,https://assets.woolworths.com.au/images/1005/63010.jpg?impolicy=wowsmkqiema&w=260&h=260,$3.00,,$0.30 / 1EA, Add to cart , Save to list 
Pureharvest Organic Malt Free Soy Milk 1l,https://www.woolworths.com.au/shop/productdetails/192366/pureharvest-organic-malt-free-soy-milk,,https://assets.woolworths.com.au/images/1005/192366.jpg?impolicy=wowsmkqiema&w=260&h=260,$2.00,,$2.00 / 1L, Add to cart , Save to list 
Dilmah Premium Quality Tea Bags 100 Pack,https://www.woolworths.com.au/shop/productdetails/38288/dilmah-premium-quality-tea-bags,,https://assets.woolworths.com.au/images/1005/38288.jpg?impolicy=wowsmkqiema&w=260&h=260,$5.85,,$0.06 / 1EA, Add to cart , Save to list 
Sunraysia Apple & Mango Juice 200ml,https://www.woolworths.com.au/shop/productdetails/135932/sunraysia-apple-mango-juice,https://www.woolworths.com.au/content/promotiontags/roundel-buy-more-save-more-200x200.png,https://assets.woolworths.com.au/images/1005/135932.jpg?impolicy=wowsmkqiema&w=260&h=260,$1.50,,$7.50 / 1L, Add to cart , Save to list 
Red Bull Energy Drink 4x250ml,https://www.woolworths.com.au/shop/productdetails/162609/red-bull-energy-drink,https://www.woolworths.com.au/content/promotiontags/roundel-special-200x200.png,https://assets.woolworths.com.au/images/1005/162609.jpg?impolicy=wowsmkqiema&w=260&h=260,$7.20,$12.00,$7.20 / 1L, Add to cart , Save to list 
T2 Sleep Tight Tea Bags 10 Pack,https://www.woolworths.com.au/shop/productdetails/134420/t2-sleep-tight-tea-bags,,https://assets.woolworths.com.au/images/1005/134420.jpg?impolicy=wowsmkqiema&w=260&h=260,$7.00,,$0.70 / 1EA, Add to cart , Save to list 
Tetley Tagless Tea Bags 200 Pack,https://www.woolworths.com.au/shop/productdetails/574822/tetley-tagless-tea-bags,,https://assets.woolworths.com.au/images/1005/574822.jpg?impolicy=wowsmkqiema&w=260&h=260,$6.90,,$0.03 / 1EA, Add to cart , Save to list 
Powerade Ion4 Blackcurrent Sports Drink Sipper Cap 600ml,https://www.woolworths.com.au/shop/productdetails/279908/powerade-ion4-blackcurrent-sports-drink-sipper-cap,https://www.woolworths.com.au/content/promotiontags/roundel-special-200x200.png,https://assets.woolworths.com.au/images/1005/279908.jpg?impolicy=wowsmkqiema&w=260&h=260,$2.40,$4.00,$4.00 / 1L, Add to cart , Save to list 
Starbucks By Nespresso Italian Roast Coffee Pods 10 Pack,https://www.woolworths.com.au/shop/productdetails/155945/starbucks-by-nespresso-italian-roast-coffee-pods,,https://assets.woolworths.com.au/images/1005/155945.jpg?impolicy=wowsmkqiema&w=260&h=260,$7.90,,$0.79 / 1EA, Add to cart , Save to list 
Sunraysia Apple Juice 200ml,https://www.woolworths.com.au/shop/productdetails/134830/sunraysia-apple-juice,https://www.woolworths.com.au/content/promotiontags/roundel-buy-more-save-more-200x200.png,https://assets.woolworths.com.au/images/1005/134830.jpg?impolicy=wowsmkqiema&w=260&h=260,$1.50,,$7.50 / 1L, Add to cart , Save to list 
Starbucks By Nespresso Pike Place Roast Lungo Coffee Pods 10 Pack,https://www.woolworths.com.au/shop/productdetails/95082/starbucks-by-nespresso-pike-place-roast-lungo-coffee-pods,,https://assets.woolworths.com.au/images/1005/95082.jpg?impolicy=wowsmkqiema&w=260&h=260,$7.90,,$0.79 / 1EA, Add to cart , Save to list 
Pepsi Sodastream Soda Mix 440ml,https://www.woolworths.com.au/shop/productdetails/105017/pepsi-sodastream-soda-mix,,https://assets.woolworths.com.au/images/1005/105017.jpg?impolicy=wowsmkqiema&w=260&h=260,$7.00,,$15.91 / 1L, Add to cart , Save to list 
Evian Spring Still Water 750ml,https://www.woolworths.com.au/shop/productdetails/285416/evian-spring-still-water,,https://assets.woolworths.com.au/images/1005/285416.jpg?impolicy=wowsmkqiema&w=260&h=260,$3.10,,$4.13 / 1L, Add to cart , Save to list 
Twinings Lemon Twist Tea Bags 10 Pack,https://www.woolworths.com.au/shop/productdetails/58968/twinings-lemon-twist-tea-bags-tea-bags,,https://assets.woolworths.com.au/images/1005/58968.jpg?impolicy=wowsmkqiema&w=260&h=260,$3.00,,$0.30 / 1EA, Add to cart , Save to list 
Schweppes Bitter Lemon 300ml X4 Pack,https://www.woolworths.com.au/shop/productdetails/253771/schweppes-bitter-lemon,https://www.woolworths.com.au/content/promotiontags/roundel-buy-more-save-more-200x200.png,https://assets.woolworths.com.au/images/1005/253771.jpg?impolicy=wowsmkqiema&w=260&h=260,$7.00,,$5.83 / 1L, Add to cart , Save to list 
Gatorade G-active Electrolyte Water Grape Flavoured No Sugar 600ml,https://www.woolworths.com.au/shop/productdetails/173487/gatorade-g-active-electrolyte-water-grape-flavoured-no-sugar,https://www.woolworths.com.au/content/promotiontags/roundel-special-200x200.png,https://assets.woolworths.com.au/images/1005/173487.jpg?impolicy=wowsmkqiema&w=260&h=260,$2.35,$4.00,$3.92 / 1L, Add to cart , Save to list 
Nescafe Blend 43 Instant Coffee Tin 500g,https://www.woolworths.com.au/shop/productdetails/35694/nescafe-blend-43-instant-coffee-tin,,https://assets.woolworths.com.au/images/1005/35694.jpg?impolicy=wowsmkqiema&w=260&h=260,$26.00,,$5.20 / 100G, Add to cart , Save to list 
Coca-cola No Sugar Soft Drink Bottle 1.25l,https://www.woolworths.com.au/shop/productdetails/623034/coca-cola-no-sugar-soft-drink-bottle,https://www.woolworths.com.au/content/promotiontags/roundel-special-200x200.png,https://assets.woolworths.com.au/images/1005/623034.jpg?impolicy=wowsmkqiema&w=260&h=260,$2.10,$3.55,$1.68 / 1L, Add to cart , Save to list 
Kirks Lemonade Soft Drink Bottle 1.25l,https://www.woolworths.com.au/shop/productdetails/52558/kirks-lemonade-soft-drink-bottle,,https://assets.woolworths.com.au/images/1005/52558.jpg?impolicy=wowsmkqiema&w=260&h=260,$2.50,,$2.00 / 1L, Add to cart , Save to list 
V8 Vegetable Juice Hot And Spicy 1.25l,https://www.woolworths.com.au/shop/productdetails/749821/v8-vegetable-juice-hot-and-spicy,,https://assets.woolworths.com.au/images/1005/749821.jpg?impolicy=wowsmkqiema&w=260&h=260,$5.50,,$4.40 / 1L, Add to cart , Save to list 
Rockstar Guava Punched Energy Drink 500ml,https://www.woolworths.com.au/shop/productdetails/332724/rockstar-guava-punched-energy-drink,https://www.woolworths.com.au/content/promotiontags/roundel-special-200x200.png,https://assets.woolworths.com.au/images/1005/332724.jpg?impolicy=wowsmkqiema&w=260&h=260,$2.70,$3.10,$5.40 / 1L, Add to cart , Save to list 
Sunkist Zero Sugar Soda Syrup 300ml,https://www.woolworths.com.au/shop/productdetails/159946/sunkist-zero-sugar-soda-syrup,https://www.woolworths.com.au/content/promotiontags/roundel-special-200x200.png,https://assets.woolworths.com.au/images/1005/159946.jpg?impolicy=wowsmkqiema&w=260&h=260,$3.60,$4.50,$12.00 / 1L, Add to cart , Save to list 
Woolworths Apple & Mango Juice 2l,https://www.woolworths.com.au/shop/productdetails/673135/woolworths-apple-mango-juice,,https://assets.woolworths.com.au/images/1005/673135.jpg?impolicy=wowsmkqiema&w=260&h=260,$2.80,,$1.40 / 1L, Add to cart , Save to list 
Devondale Skim Long Life Milk 1l,https://www.woolworths.com.au/shop/productdetails/33637/devondale-skim-long-life-milk,,https://assets.woolworths.com.au/images/1005/33637.jpg?impolicy=wowsmkqiema&w=260&h=260,$2.20,,$2.20 / 1L, Add to cart , Save to list 
Liddells Full Cream Long Life Milk Lactose Free 1l,https://www.woolworths.com.au/shop/productdetails/32063/liddells-full-cream-long-life-milk-lactose-free,,https://assets.woolworths.com.au/images/1005/32063.jpg?impolicy=wowsmkqiema&w=260&h=260,$3.00,,$3.00 / 1L, Add to cart , Save to list 
Mount Franklin Lightly Sparkling Water Passionfruit 1.25l,https://www.woolworths.com.au/shop/productdetails/221494/mount-franklin-lightly-sparkling-water-passionfruit,https://www.woolworths.com.au/content/promotiontags/roundel-special-200x200.png,https://assets.woolworths.com.au/images/1005/221494.jpg?impolicy=wowsmkqiema&w=260&h=260,$1.70,$2.85,$1.36 / 1L, Add to cart , Save to list 
Woolworths Spring Water Sippers 250mlx 12 Pack,https://www.woolworths.com.au/shop/productdetails/130770/woolworths-spring-water-sippers,,https://assets.woolworths.com.au/images/1005/130770.jpg?impolicy=wowsmkqiema&w=260&h=260,$6.50,,$2.17 / 1L, Add to cart , Save to list 
Twinings Irish Breakfast Tea Bags 100 Pack 200g,https://www.woolworths.com.au/shop/productdetails/8647/twinings-irish-breakfast-tea-bags,,https://assets.woolworths.com.au/images/1005/8647.jpg?impolicy=wowsmkqiema&w=260&h=260,$13.50,,$0.14 / 1EA, Add to cart , Save to list 
Schweppes Lemon Lime Bitters Zero Sugar 4 Pack,https://www.woolworths.com.au/shop/productdetails/121164/schweppes-lemon-lime-bitters-zero-sugar,https://www.woolworths.com.au/content/promotiontags/roundel-buy-more-save-more-200x200.png,https://assets.woolworths.com.au/images/1005/121164.jpg?impolicy=wowsmkqiema&w=260&h=260,$7.00,,$5.83 / 1L, Add to cart , Save to list 
Sunraysia Apple & Strawberry Juice 200ml,https://www.woolworths.com.au/shop/productdetails/135936/sunraysia-apple-strawberry-juice,https://www.woolworths.com.au/content/promotiontags/roundel-buy-more-save-more-200x200.png,https://assets.woolworths.com.au/images/1005/135936.jpg?impolicy=wowsmkqiema&w=260&h=260,$1.50,,$7.50 / 1L, Add to cart , Save to list 
Starbucks By Nespresso Decaf Espresso Roast Coffee Pods 10 Pack,https://www.woolworths.com.au/shop/productdetails/115766/starbucks-by-nespresso-decaf-espresso-roast-coffee-pods,,https://assets.woolworths.com.au/images/1005/115766.jpg?impolicy=wowsmkqiema&w=260&h=260,$7.90,,$0.79 / 1EA, Add to cart , Save to list 
Woolworths Pineapple Bottle 1.25l,https://www.woolworths.com.au/shop/productdetails/756026/woolworths-pineapple-bottle,https://www.woolworths.com.au/content/promotiontags/final_only_at_woolworths_roundel_200x200.png,https://assets.woolworths.com.au/images/1005/756026.jpg?impolicy=wowsmkqiema&w=260&h=260,$1.10,,$0.88 / 1L, Add to cart , Save to list 
Fever-tree Light Indian Tonic Water 150ml X8 Pack,https://www.woolworths.com.au/shop/productdetails/165748/fever-tree-light-indian-tonic-water,https://www.woolworths.com.au/content/promotiontags/roundel-special-200x200.png,https://assets.woolworths.com.au/images/1005/165748.jpg?impolicy=wowsmkqiema&w=260&h=260,$11.50,$12.50,$9.58 / 1L, Add to cart , Save to list 
H2coco 100% Natural Pure Coconut Water 1l,https://www.woolworths.com.au/shop/productdetails/786195/h2coco-100-natural-pure-coconut-water,,https://assets.woolworths.com.au/images/1005/786195.jpg?impolicy=wowsmkqiema&w=260&h=260,$4.00,,$4.00 / 1L, Add to cart , Save to list 
Gatorade Blue Bolt Sports Drink 600ml,https://www.woolworths.com.au/shop/productdetails/30486/gatorade-blue-bolt-sports-drink,https://www.woolworths.com.au/content/promotiontags/roundel-special-200x200.png,https://assets.woolworths.com.au/images/1005/30486.jpg?impolicy=wowsmkqiema&w=260&h=260,$2.35,$4.00,$3.92 / 1L, Add to cart , Save to list 
Sprite Lemonade Soft Drink Mini Cans 250ml X 6 Pack,https://www.woolworths.com.au/shop/productdetails/244826/sprite-lemonade-soft-drink-mini-cans,https://www.woolworths.com.au/content/promotiontags/roundel-buy-more-save-more-200x200.png,https://assets.woolworths.com.au/images/1005/244826.jpg?impolicy=wowsmkqiema&w=260&h=260,$9.20,,$6.13 / 1L, Add to cart , Save to list 
Nudie Nothing But Oranges Pulp Free Juice 2l,https://www.woolworths.com.au/shop/productdetails/702170/nudie-nothing-but-oranges-pulp-free-juice,,https://assets.woolworths.com.au/images/1005/702170.jpg?impolicy=wowsmkqiema&w=260&h=260,$8.00,,$4.00 / 1L, Add to cart , Save to list 
Nestle Milo Choc-malt 1kg,https://www.woolworths.com.au/shop/productdetails/192985/nestle-milo-choc-malt,https://www.woolworths.com.au/content/promotiontags/roundel-special-200x200.png,https://assets.woolworths.com.au/images/1005/192985.jpg?impolicy=wowsmkqiema&w=260&h=260,$11.50,$14.50,$1.15 / 100G, Add to cart , Save to list 
Sanitarium So Good Oat No Added Sugar Uht Milk 1l,https://www.woolworths.com.au/shop/productdetails/120207/sanitarium-so-good-oat-no-added-sugar-uht-milk,,https://assets.woolworths.com.au/images/1005/120207.jpg?impolicy=wowsmkqiema&w=260&h=260,,,,, Save to list 
V8 Tropical Juice Juice 300ml,https://www.woolworths.com.au/shop/productdetails/750803/v8-tropical-juice-juice,,https://assets.woolworths.com.au/images/1005/750803.jpg?impolicy=wowsmkqiema&w=260&h=260,$2.40,,$8.00 / 1L, Add to cart , Save to list 
Mount Franklin Lightly Sparkling Water Lime Cans 250ml X 6 Pack,https://www.woolworths.com.au/shop/productdetails/242317/mount-franklin-lightly-sparkling-water-lime-cans,https://www.woolworths.com.au/content/promotiontags/roundel-buy-more-save-more-200x200.png,https://assets.woolworths.com.au/images/1005/242317.jpg?impolicy=wowsmkqiema&w=260&h=260,$9.20,,$6.13 / 1L, Add to cart , Save to list 
Moccona Freeze Dried Instant Coffee Classic Medium Roast 200g,https://www.woolworths.com.au/shop/productdetails/35681/moccona-freeze-dried-instant-coffee-classic-medium-roast,,https://assets.woolworths.com.au/images/1005/35681.jpg?impolicy=wowsmkqiema&w=260&h=260,$16.00,,$8.00 / 100G, Add to cart , Save to list 
Woolworths Lemon Zero Sugar Bottle 1.25l,https://www.woolworths.com.au/shop/productdetails/756029/woolworths-lemon-zero-sugar-bottle,https://www.woolworths.com.au/content/promotiontags/final_only_at_woolworths_roundel_200x200.png,https://assets.woolworths.com.au/images/1005/756029.jpg?impolicy=wowsmkqiema&w=260&h=260,$1.10,,$0.88 / 1L, Add to cart , Save to list 
Sprite Lemon+ Soft Drink 1.25l,https://www.woolworths.com.au/shop/productdetails/237909/sprite-lemon-soft-drink,https://www.woolworths.com.au/content/promotiontags/roundel-special-200x200.png,https://assets.woolworths.com.au/images/1005/237909.jpg?impolicy=wowsmkqiema&w=260&h=260,$2.10,$3.55,$1.68 / 1L, Add to cart , Save to list 
Fever-tree Elderflower Tonic Water Bottle 500ml,https://www.woolworths.com.au/shop/productdetails/803904/fever-tree-elderflower-tonic-water-bottle,,https://assets.woolworths.com.au/images/1005/803904.jpg?impolicy=wowsmkqiema&w=260&h=260,$4.50,,$9.00 / 1L, Add to cart , Save to list 
Twinings Morning Tea Bags 100 Pack,https://www.woolworths.com.au/shop/productdetails/575832/twinings-morning-tea-bags,,https://assets.woolworths.com.au/images/1005/575832.jpg?impolicy=wowsmkqiema&w=260&h=260,$13.50,,$0.14 / 1EA, Add to cart , Save to list 
Twinings Green Tea & Lemon Tea Bags 10 Pack,https://www.woolworths.com.au/shop/productdetails/228496/twinings-green-tea-lemon-tea-bags-bags,,https://assets.woolworths.com.au/images/1005/228496.jpg?impolicy=wowsmkqiema&w=260&h=260,$3.00,,$0.30 / 1EA, Add to cart , Save to list 
Kirks Creaming Soda Soft Drink Bottle 1.25l,https://www.woolworths.com.au/shop/productdetails/140092/kirks-creaming-soda-soft-drink-bottle,,https://assets.woolworths.com.au/images/1005/140092.jpg?impolicy=wowsmkqiema&w=260&h=260,$2.50,,$2.00 / 1L, Add to cart , Save to list 
Woolworths Orange Bottle 1.25l,https://www.woolworths.com.au/shop/productdetails/333337/woolworths-orange-bottle,https://www.woolworths.com.au/content/promotiontags/final_only_at_woolworths_roundel_200x200.png,https://assets.woolworths.com.au/images/1005/333337.jpg?impolicy=wowsmkqiema&w=260&h=260,$1.10,,$0.88 / 1L, Add to cart , Save to list 
Vittoria Espresso Ground Coffee 1kg,https://www.woolworths.com.au/shop/productdetails/94131/vittoria-espresso-ground-coffee,,https://assets.woolworths.com.au/images/1005/94131.jpg?impolicy=wowsmkqiema&w=260&h=260,$37.00,,$3.70 / 100G, Add to cart , Save to list 
Pureharvest Coco Quench Coconut Milk 1l,https://www.woolworths.com.au/shop/productdetails/793391/pureharvest-coco-quench-coconut-milk,,https://assets.woolworths.com.au/images/1005/793391.jpg?impolicy=wowsmkqiema&w=260&h=260,$3.50,,$3.50 / 1L, Add to cart , Save to list 
T2 Just Peppermint Herbal Tisane Bags 25 Pack,https://www.woolworths.com.au/shop/productdetails/726962/t2-just-peppermint-herbal-tisane-bags,,https://assets.woolworths.com.au/images/1005/726962.jpg?impolicy=wowsmkqiema&w=260&h=260,$13.00,,$0.52 / 1EA, Add to cart , Save to list 
V8 Easy Green Juice 1.25l,https://www.woolworths.com.au/shop/productdetails/164594/v8-easy-green-juice,,https://assets.woolworths.com.au/images/1005/164594.jpg?impolicy=wowsmkqiema&w=260&h=260,$5.50,,$4.40 / 1L, Add to cart , Save to list 
Woolworths Apple & Blackcurrant Juice 2l,https://www.woolworths.com.au/shop/productdetails/825529/woolworths-apple-blackcurrant-juice,,https://assets.woolworths.com.au/images/1005/825529.jpg?impolicy=wowsmkqiema&w=260&h=260,$2.80,,$1.40 / 1L, Add to cart , Save to list 
Sprite Zero Sugar Lemonade Soft Drink Mini Cans 250ml X 6 Pack,https://www.woolworths.com.au/shop/productdetails/245007/sprite-zero-sugar-lemonade-soft-drink-mini-cans,https://www.woolworths.com.au/content/promotiontags/roundel-buy-more-save-more-200x200.png,https://assets.woolworths.com.au/images/1005/245007.jpg?impolicy=wowsmkqiema&w=260&h=260,$9.20,,$6.13 / 1L, Add to cart , Save to list 
Mountain Dew Sodastream Soda Mix 440ml,https://www.woolworths.com.au/shop/productdetails/105021/mountain-dew-sodastream-soda-mix,,https://assets.woolworths.com.au/images/1005/105021.jpg?impolicy=wowsmkqiema&w=260&h=260,$7.00,,$15.91 / 1L, Add to cart , Save to list 
Pureharvest Almond Milk Unsweetened 1l,https://www.woolworths.com.au/shop/productdetails/858008/pureharvest-almond-milk-unsweetened,,https://assets.woolworths.com.au/images/1005/858008.jpg?impolicy=wowsmkqiema&w=260&h=260,$3.10,,$3.10 / 1L, Add to cart , Save to list 
Tetley Tagless Tea Bags 100 Pack,https://www.woolworths.com.au/shop/productdetails/574769/tetley-tagless-tea-bags,,https://assets.woolworths.com.au/images/1005/574769.jpg?impolicy=wowsmkqiema&w=260&h=260,$3.80,,$0.04 / 1EA, Add to cart , Save to list 
Nestle Sweetened Condensed Milk 395g,https://www.woolworths.com.au/shop/productdetails/105914/nestle-sweetened-condensed-milk,,https://assets.woolworths.com.au/images/1005/105914.jpg?impolicy=wowsmkqiema&w=260&h=260,$3.80,,$0.96 / 100G, Add to cart , Save to list 
Daily Juice Pulp Free Orange Juice 2l,https://www.woolworths.com.au/shop/productdetails/90211/daily-juice-pulp-free-orange-juice,,https://assets.woolworths.com.au/images/1005/90211.jpg?impolicy=wowsmkqiema&w=260&h=260,$5.00,,$2.50 / 1L, Add to cart , Save to list 
Kirks Pasito Soft Drink Multipack Cans 375ml X10 Pack,https://www.woolworths.com.au/shop/productdetails/159798/kirks-pasito-soft-drink-multipack-cans,,https://assets.woolworths.com.au/images/1005/159798.jpg?impolicy=wowsmkqiema&w=260&h=260,$13.00,,$3.47 / 1L, Add to cart , Save to list 
Twinings Russian Caravan Tea Bags 10 Pack,https://www.woolworths.com.au/shop/productdetails/10109/twinings-russian-caravan-tea-bags-tea-bags,,https://assets.woolworths.com.au/images/1005/10109.jpg?impolicy=wowsmkqiema&w=260&h=260,$3.00,,$0.30 / 1EA, Add to cart , Save to list 
Kirks Pasito Soft Drink Bottle 1.25l,https://www.woolworths.com.au/shop/productdetails/140090/kirks-pasito-soft-drink-bottle,,https://assets.woolworths.com.au/images/1005/140090.jpg?impolicy=wowsmkqiema&w=260&h=260,$2.50,,$2.00 / 1L, Add to cart , Save to list 
Schweppes Raspberry Cans 10 X375ml,https://www.woolworths.com.au/shop/productdetails/442187/schweppes-raspberry-cans,,https://assets.woolworths.com.au/images/1005/442187.jpg?impolicy=wowsmkqiema&w=260&h=260,$16.50,,$4.40 / 1L, Add to cart , Save to list 
Gatorade Fierce Grape Sports Drink 600ml,https://www.woolworths.com.au/shop/productdetails/262841/gatorade-fierce-grape-sports-drink,https://www.woolworths.com.au/content/promotiontags/roundel-special-200x200.png,https://assets.woolworths.com.au/images/1005/262841.jpg?impolicy=wowsmkqiema&w=260&h=260,$2.35,$4.00,$3.92 / 1L, Add to cart , Save to list 
Sanitarium So Good Long Life Original Almond Milk 1l,https://www.woolworths.com.au/shop/productdetails/710014/sanitarium-so-good-long-life-original-almond-milk,,https://assets.woolworths.com.au/images/1005/710014.jpg?impolicy=wowsmkqiema&w=260&h=260,$2.90,,$2.90 / 1L, Add to cart , Save to list 
Woolworths Peppermint Tea 40 Pack,https://www.woolworths.com.au/shop/productdetails/690091/woolworths-peppermint-tea,,https://assets.woolworths.com.au/images/1005/690091.jpg?impolicy=wowsmkqiema&w=260&h=260,$1.75,,$0.04 / 1EA, Add to cart , Save to list 
Woolworths 100% Pure Coconut Water 1l X4 Pack,https://www.woolworths.com.au/shop/productdetails/546840/woolworths-100-pure-coconut-water,https://www.woolworths.com.au/content/promotiontags/final_only_at_woolworths_roundel_200x200.png,https://assets.woolworths.com.au/images/1005/546840.jpg?impolicy=wowsmkqiema&w=260&h=260,$10.00,,$2.50 / 1L, Add to cart , Save to list 
Juice Lab Wellness Immune Vitality Super Shot 60ml,https://www.woolworths.com.au/shop/productdetails/156070/juice-lab-wellness-immune-vitality-super-shot,,https://assets.woolworths.com.au/images/1005/156070.jpg?impolicy=wowsmkqiema&w=260&h=260,$3.50,,$58.33 / 1L, Add to cart , Save to list 
Dash Water Peach Infused Sparkling Water 300ml X4,https://www.woolworths.com.au/shop/productdetails/176831/dash-water-peach-infused-sparkling-water,https://www.woolworths.com.au/content/promotiontags/roundel-special-200x200.png,https://assets.woolworths.com.au/images/1005/176831.jpg?impolicy=wowsmkqiema&w=260&h=260,$7.20,$8.00,$6.00 / 1L, Add to cart , Save to list 
T2 English Breakfast Black Tea Bags 25 Pack,https://www.woolworths.com.au/shop/productdetails/726973/t2-english-breakfast-black-tea-bags,,https://assets.woolworths.com.au/images/1005/726973.jpg?impolicy=wowsmkqiema&w=260&h=260,$13.00,,$0.52 / 1EA, Add to cart , Save to list 
Bundaberg Sarsaparilla 375ml X4 Pack,https://www.woolworths.com.au/shop/productdetails/229039/bundaberg-sarsaparilla,,https://assets.woolworths.com.au/images/1005/229039.jpg?impolicy=wowsmkqiema&w=260&h=260,$7.00,,$4.67 / 1L, Add to cart , Save to list 
Woolworths Fruit Drink 35% Tropical 6x250ml,https://www.woolworths.com.au/shop/productdetails/503111/woolworths-fruit-drink-35-tropical,,https://assets.woolworths.com.au/images/1005/503111.jpg?impolicy=wowsmkqiema&w=260&h=260,$3.00,,$2.00 / 1L, Add to cart , Save to list 
Starbucks By Nespresso Intensity 8 House Blend Coffee Pods 18 Pack,https://www.woolworths.com.au/shop/productdetails/222601/starbucks-by-nespresso-intensity-8-house-blend-coffee-pods,,https://assets.woolworths.com.au/images/1005/222601.jpg?impolicy=wowsmkqiema&w=260&h=260,$13.00,,$0.72 / 1EA, Add to cart , Save to list 
Vittoria Chocochino Drinking Chocolate 375g,https://www.woolworths.com.au/shop/productdetails/24570/vittoria-chocochino-drinking-chocolate,,https://assets.woolworths.com.au/images/1005/24570.jpg?impolicy=wowsmkqiema&w=260&h=260,$5.20,,$1.39 / 100G, Add to cart , Save to list 
Sanitarium So Good Barista Edition Oat Milk 1l,https://www.woolworths.com.au/shop/productdetails/83273/sanitarium-so-good-barista-edition-oat-milk,https://www.woolworths.com.au/content/promotiontags/roundel-special-200x200.png,https://assets.woolworths.com.au/images/1005/83273.jpg?impolicy=wowsmkqiema&w=260&h=260,$3.00,$4.00,$3.00 / 1L, Add to cart , Save to list 
Starbucks By Nespresso Intensity 11 Espresso Roast Coffee Pods 18 Pack,https://www.woolworths.com.au/shop/productdetails/222906/starbucks-by-nespresso-intensity-11-espresso-roast-coffee-pods,,https://assets.woolworths.com.au/images/1005/222906.jpg?impolicy=wowsmkqiema&w=260&h=260,$13.00,,$0.72 / 1EA, Add to cart , Save to list 
Sprite Lemon + Zero Sugar Soft Drink Cans 375ml X 10 Pack,https://www.woolworths.com.au/shop/productdetails/238400/sprite-lemon-zero-sugar-soft-drink-cans,https://www.woolworths.com.au/content/promotiontags/roundel-special-200x200.png,https://assets.woolworths.com.au/images/1005/238400.jpg?impolicy=wowsmkqiema&w=260&h=260,$9.65,$16.10,$2.57 / 1L, Add to cart , Save to list 
Nudie Nothing But Oranges With Pulp 2l,https://www.woolworths.com.au/shop/productdetails/359118/nudie-nothing-but-oranges-with-pulp,,https://assets.woolworths.com.au/images/1005/359118.jpg?impolicy=wowsmkqiema&w=260&h=260,$8.00,,$4.00 / 1L, Add to cart , Save to list 
Fever-tree Indian Tonic Water Cans 150ml X8 Pack,https://www.woolworths.com.au/shop/productdetails/109276/fever-tree-indian-tonic-water-cans,https://www.woolworths.com.au/content/promotiontags/roundel-special-200x200.png,https://assets.woolworths.com.au/images/1005/109276.jpg?impolicy=wowsmkqiema&w=260&h=260,$11.50,$12.50,$9.58 / 1L, Add to cart , Save to list 
Australia's Own Barista Almond 1l,https://www.woolworths.com.au/shop/productdetails/64810/australia-s-own-barista-almond,,https://assets.woolworths.com.au/images/1005/64810.jpg?impolicy=wowsmkqiema&w=260&h=260,$4.50,,$4.50 / 1L, Add to cart , Save to list 
Schweppes Lemonade Zero Sugar Soda Syrup 300ml,https://www.woolworths.com.au/shop/productdetails/160144/schweppes-lemonade-zero-sugar-soda-syrup,https://www.woolworths.com.au/content/promotiontags/roundel-special-200x200.png,https://assets.woolworths.com.au/images/1005/160144.jpg?impolicy=wowsmkqiema&w=260&h=260,$3.60,$4.50,$12.00 / 1L, Add to cart , Save to list 
Woolworths Camomile Tea 40 Pack,https://www.woolworths.com.au/shop/productdetails/690094/woolworths-camomile-tea,,https://assets.woolworths.com.au/images/1005/690094.jpg?impolicy=wowsmkqiema&w=260&h=260,$1.75,,$0.04 / 1EA, Add to cart , Save to list 
Australia's Own Unsweetened Almond Milk 1l,https://www.woolworths.com.au/shop/productdetails/924245/australia-s-own-unsweetened-almond-milk,,https://assets.woolworths.com.au/images/1005/924245.jpg?impolicy=wowsmkqiema&w=260&h=260,$3.10,,$3.10 / 1L, Add to cart , Save to list 
Twinings English Breakfast Decaffeinated Tea Bags 40 Pack,https://www.woolworths.com.au/shop/productdetails/829581/twinings-english-breakfast-decaffeinated-tea-bags,,https://assets.woolworths.com.au/images/1005/829581.jpg?impolicy=wowsmkqiema&w=260&h=260,$7.50,,$0.19 / 1EA, Add to cart , Save to list 
Vitasoy Prebiotic Oat Milk 1l,https://www.woolworths.com.au/shop/productdetails/83494/vitasoy-prebiotic-oat-milk,,https://assets.woolworths.com.au/images/1005/83494.jpg?impolicy=wowsmkqiema&w=260&h=260,$3.90,,$3.90 / 1L, Add to cart , Save to list 
Pump Berry Storm Water Bottle Berry Bottle 750ml,https://www.woolworths.com.au/shop/productdetails/315123/pump-berry-storm-water-bottle-berry-bottle,https://www.woolworths.com.au/content/promotiontags/chilled-roundel.png,https://assets.woolworths.com.au/images/1005/315123.jpg?impolicy=wowsmkqiema&w=260&h=260,$3.80,,$5.07 / 1L, Add to cart , Save to list 
Powerade Active Water Apple & Peach Sports Drink Sipper Cap 600ml,https://www.woolworths.com.au/shop/productdetails/51557/powerade-active-water-apple-peach-sports-drink-sipper-cap,https://www.woolworths.com.au/content/promotiontags/roundel-special-200x200.png,https://assets.woolworths.com.au/images/1005/51557.jpg?impolicy=wowsmkqiema&w=260&h=260,$2.40,$4.00,$4.00 / 1L, Add to cart , Save to list 
Sanitarium So Good Barista Edition Almond Milk 1l,https://www.woolworths.com.au/shop/productdetails/83836/sanitarium-so-good-barista-edition-almond-milk,https://www.woolworths.com.au/content/promotiontags/roundel-special-200x200.png,https://assets.woolworths.com.au/images/1005/83836.jpg?impolicy=wowsmkqiema&w=260&h=260,$3.00,$4.00,$3.00 / 1L, Add to cart , Save to list 
Kirks Creaming Soda Cans 375ml X10 Pack,https://www.woolworths.com.au/shop/productdetails/159799/kirks-creaming-soda-cans,,https://assets.woolworths.com.au/images/1005/159799.jpg?impolicy=wowsmkqiema&w=260&h=260,$13.00,,$3.47 / 1L, Add to cart , Save to list 
Waterfords Lite & Fruity No Added Sugar Orange Passion Cans 12 X375ml,https://www.woolworths.com.au/shop/productdetails/221729/waterfords-lite-fruity-no-added-sugar-orange-passion-cans,,https://assets.woolworths.com.au/images/1005/221729.jpg?impolicy=wowsmkqiema&w=260&h=260,$15.00,,$3.33 / 1L, Add to cart , Save to list 
Higher Living Sweet Dreams Tea Bags 15 Pack,https://www.woolworths.com.au/shop/productdetails/701038/higher-living-sweet-dreams-tea-bags,,https://assets.woolworths.com.au/images/1005/701038.jpg?impolicy=wowsmkqiema&w=260&h=260,$4.40,,$0.29 / 1EA, Add to cart , Save to list 
Sanitarium So Good Barista Edition Soy Milk 1l,https://www.woolworths.com.au/shop/productdetails/83995/sanitarium-so-good-barista-edition-soy-milk,https://www.woolworths.com.au/content/promotiontags/roundel-special-200x200.png,https://assets.woolworths.com.au/images/1005/83995.jpg?impolicy=wowsmkqiema&w=260&h=260,$2.00,$3.00,$2.00 / 1L, Add to cart , Save to list 
Nu Pure Still Spring Water 600ml,https://www.woolworths.com.au/shop/productdetails/109915/nu-pure-still-spring-water,https://www.woolworths.com.au/content/promotiontags/chilled-roundel.png,https://assets.woolworths.com.au/images/1005/109915.jpg?impolicy=wowsmkqiema&w=260&h=260,$1.25,,$2.08 / 1L, Add to cart , Save to list 
Twinings Green Tea & Jasmine Tea Bags 10 Pack,https://www.woolworths.com.au/shop/productdetails/95459/twinings-green-tea-jasmine-tea-bags,,https://assets.woolworths.com.au/images/1005/95459.jpg?impolicy=wowsmkqiema&w=260&h=260,$3.00,,$0.30 / 1EA, Add to cart , Save to list 
Vittoria Espresso Coffee Beans 1kg,https://www.woolworths.com.au/shop/productdetails/162140/vittoria-espresso-coffee-beans,,https://assets.woolworths.com.au/images/1005/162140.jpg?impolicy=wowsmkqiema&w=260&h=260,$37.00,,$3.70 / 100G, Add to cart , Save to list 
Coca-cola Classic Soft Drink Mini Bottles 300ml X12 Pack,https://www.woolworths.com.au/shop/productdetails/313019/coca-cola-classic-soft-drink-mini-bottles,,https://assets.woolworths.com.au/images/1005/313019.jpg?impolicy=wowsmkqiema&w=260&h=260,$16.85,,$4.68 / 1L, Add to cart , Save to list 
Gatorade G-active Electrolyte Water Lemon Flavoured No Sugar 600ml,https://www.woolworths.com.au/shop/productdetails/594961/gatorade-g-active-electrolyte-water-lemon-flavoured-no-sugar,https://www.woolworths.com.au/content/promotiontags/roundel-special-200x200.png,https://assets.woolworths.com.au/images/1005/594961.jpg?impolicy=wowsmkqiema&w=260&h=260,$2.35,$4.00,$3.92 / 1L, Add to cart , Save to list 
Powerade Ion4 Lemon Lime Sports Drink Sipper Cap 600ml,https://www.woolworths.com.au/shop/productdetails/365548/powerade-ion4-lemon-lime-sports-drink-sipper-cap,https://www.woolworths.com.au/content/promotiontags/roundel-special-200x200.png,https://assets.woolworths.com.au/images/1005/365548.jpg?impolicy=wowsmkqiema&w=260&h=260,$2.40,$4.00,$4.00 / 1L, Add to cart , Save to list 
Vittoria Organic Coffee Beans Organic 1kg,https://www.woolworths.com.au/shop/productdetails/781407/vittoria-organic-coffee-beans-organic,,https://assets.woolworths.com.au/images/1005/781407.jpg?impolicy=wowsmkqiema&w=260&h=260,$44.00,,$4.40 / 100G, Add to cart , Save to list 
Dilmah Extra Strength Tea Bags 100 Pack,https://www.woolworths.com.au/shop/productdetails/196566/dilmah-extra-strength-tea-bags,,https://assets.woolworths.com.au/images/1005/196566.jpg?impolicy=wowsmkqiema&w=260&h=260,$7.50,,$0.08 / 1EA, Add to cart , Save to list 
Ribena Syrup Blackcurrant 1l,https://www.woolworths.com.au/shop/productdetails/149604/ribena-syrup-blackcurrant,,https://assets.woolworths.com.au/images/1005/149604.jpg?impolicy=wowsmkqiema&w=260&h=260,$7.00,,$7.00 / 1L, Add to cart , Save to list 
Woolworths Diet Apple & Berry Flavoured Sparkling Mineral Water 1.25l,https://www.woolworths.com.au/shop/productdetails/130685/woolworths-diet-apple-berry-flavoured-sparkling-mineral-water,,https://assets.woolworths.com.au/images/1005/130685.jpg?impolicy=wowsmkqiema&w=260&h=260,$1.10,,$0.88 / 1L, Add to cart , Save to list 
Youjuice Getcha Greens 350ml,https://www.woolworths.com.au/shop/productdetails/157499/youjuice-getcha-greens,,https://assets.woolworths.com.au/images/1005/157499.jpg?impolicy=wowsmkqiema&w=260&h=260,$4.00,,$11.43 / 1L, Add to cart , Save to list 
Nerada Tea Bags 50 Pack 100g,https://www.woolworths.com.au/shop/productdetails/91963/nerada-tea-bags,,https://assets.woolworths.com.au/images/1005/91963.jpg?impolicy=wowsmkqiema&w=260&h=260,$2.70,,$0.05 / 1EA, Add to cart , Save to list 
T2 Relax Tea Bags 10 Pack,https://www.woolworths.com.au/shop/productdetails/159230/t2-relax-tea-bags,,https://assets.woolworths.com.au/images/1005/159230.jpg?impolicy=wowsmkqiema&w=260&h=260,$7.00,,$0.70 / 1EA, Add to cart , Save to list 
Kirks Lemonade Soft Drink Multipack Cans 375ml X10 Pack,https://www.woolworths.com.au/shop/productdetails/159796/kirks-lemonade-soft-drink-multipack-cans,,https://assets.woolworths.com.au/images/1005/159796.jpg?impolicy=wowsmkqiema&w=260&h=260,$13.00,,$3.47 / 1L, Add to cart , Save to list 
Coca-cola No Sugar Soft Drink Multipack Cans 375ml X10 Pack,https://www.woolworths.com.au/shop/productdetails/669379/coca-cola-no-sugar-soft-drink-multipack-cans,https://www.woolworths.com.au/content/promotiontags/roundel-special-200x200.png,https://assets.woolworths.com.au/images/1005/669379.jpg?impolicy=wowsmkqiema&w=260&h=260,$9.65,$16.10,$2.57 / 1L, Add to cart , Save to list 
Starbucks By Nespresso Coffee Pods Breakfast Blend 10 Pack,https://www.woolworths.com.au/shop/productdetails/197155/starbucks-by-nespresso-coffee-pods-breakfast-blend,,https://assets.woolworths.com.au/images/1005/197155.jpg?impolicy=wowsmkqiema&w=260&h=260,$7.90,,$0.79 / 1EA, Add to cart , Save to list 
Woolworths Tropical Juice 6x250ml,https://www.woolworths.com.au/shop/productdetails/757792/woolworths-tropical-juice,,https://assets.woolworths.com.au/images/1005/757792.jpg?impolicy=wowsmkqiema&w=260&h=260,$3.50,,$2.33 / 1L, Add to cart , Save to list 
Twinings Darjeeling Tea Bags 10 Pack,https://www.woolworths.com.au/shop/productdetails/41949/twinings-darjeeling-tea-bags-tea-bags,,https://assets.woolworths.com.au/images/1005/41949.jpg?impolicy=wowsmkqiema&w=260&h=260,$3.00,,$0.30 / 1EA, Add to cart , Save to list 
Waterfords Lite & Fruity No Added Sugar Tahitian Lime Cans 12 X375ml,https://www.woolworths.com.au/shop/productdetails/222134/waterfords-lite-fruity-no-added-sugar-tahitian-lime-cans,,https://assets.woolworths.com.au/images/1005/222134.jpg?impolicy=wowsmkqiema&w=260&h=260,$15.00,,$3.33 / 1L, Add to cart , Save to list 
Twinings Lady Grey Tea Bags 100 Pack,https://www.woolworths.com.au/shop/productdetails/257224/twinings-lady-grey-tea-bags-tea-bags,,https://assets.woolworths.com.au/images/1005/257224.jpg?impolicy=wowsmkqiema&w=260&h=260,$13.50,,$0.14 / 1EA, Add to cart , Save to list 
Woolworths Green Tea 50 Pack,https://www.woolworths.com.au/shop/productdetails/690093/woolworths-green-tea,,https://assets.woolworths.com.au/images/1005/690093.jpg?impolicy=wowsmkqiema&w=260&h=260,$2.20,,$0.04 / 1EA, Add to cart , Save to list 
Woolworths No Added Sugar Pineapple Juice 1l,https://www.woolworths.com.au/shop/productdetails/59561/woolworths-no-added-sugar-pineapple-juice,,https://assets.woolworths.com.au/images/1005/59561.jpg?impolicy=wowsmkqiema&w=260&h=260,$2.05,,$2.05 / 1L, Add to cart , Save to list 
"Twinings Asha Turmeric Temple Turmeric, Ginger & Grapefruit Tea Bags 18 Pack",https://www.woolworths.com.au/shop/productdetails/95879/twinings-asha-turmeric-temple-turmeric-ginger-grapefruit-tea-bags,,https://assets.woolworths.com.au/images/1005/95879.jpg?impolicy=wowsmkqiema&w=260&h=260,$8.50,,$0.47 / 1EA, Add to cart , Save to list 
V With Guarana   4x250ml,https://www.woolworths.com.au/shop/productdetails/132815/v,,https://assets.woolworths.com.au/images/1005/132815.jpg?impolicy=wowsmkqiema&w=260&h=260,$10.50,,$10.50 / 1L, Add to cart , Save to list 
Vittoria Mountain Grown Coffee Beans 1kg,https://www.woolworths.com.au/shop/productdetails/284455/vittoria-mountain-grown-coffee-beans,,https://assets.woolworths.com.au/images/1005/284455.jpg?impolicy=wowsmkqiema&w=260&h=260,$44.00,,$4.40 / 100G, Add to cart , Save to list 
Woolworths Breakfast Juice 2l,https://www.woolworths.com.au/shop/productdetails/55071/woolworths-breakfast-juice,,https://assets.woolworths.com.au/images/1005/55071.jpg?impolicy=wowsmkqiema&w=260&h=260,$2.80,,$1.40 / 1L, Add to cart , Save to list 
Powerade Mountain Blast Zero Sports Drink Sipper Cap 600ml,https://www.woolworths.com.au/shop/productdetails/723453/powerade-mountain-blast-zero-sports-drink-sipper-cap,https://www.woolworths.com.au/content/promotiontags/roundel-special-200x200.png,https://assets.woolworths.com.au/images/1005/723453.jpg?impolicy=wowsmkqiema&w=260&h=260,$2.40,$4.00,$4.00 / 1L, Add to cart , Save to list 
Waterfords Lite & Fruity No Added Sugar Apple Berry Cans 12 X375ml,https://www.woolworths.com.au/shop/productdetails/222142/waterfords-lite-fruity-no-added-sugar-apple-berry-cans,,https://assets.woolworths.com.au/images/1005/222142.jpg?impolicy=wowsmkqiema&w=260&h=260,$15.00,,$3.33 / 1L, Add to cart , Save to list 
Pureharvest Organic Aussie Dream Rice Milk 1l,https://www.woolworths.com.au/shop/productdetails/41225/pureharvest-organic-aussie-dream-rice-milk,,https://assets.woolworths.com.au/images/1005/41225.jpg?impolicy=wowsmkqiema&w=260&h=260,$2.60,,$2.60 / 1L, Add to cart , Save to list 
Red Bull Energy Drink Cans 250ml X8 Pack,https://www.woolworths.com.au/shop/productdetails/331784/red-bull-energy-drink-cans,,https://assets.woolworths.com.au/images/1005/331784.jpg?impolicy=wowsmkqiema&w=260&h=260,$21.00,,$1.05 / 100ML, Add to cart , Save to list 
Schweppes Lemonade Cans 375ml X10 Pack,https://www.woolworths.com.au/shop/productdetails/442185/schweppes-lemonade-cans,,https://assets.woolworths.com.au/images/1005/442185.jpg?impolicy=wowsmkqiema&w=260&h=260,$16.50,,$4.40 / 1L, Add to cart , Save to list 
Devondale 100% Pure Full Cream Long Life Milk 6x200ml,https://www.woolworths.com.au/shop/productdetails/90032/devondale-100-pure-full-cream-long-life-milk,,https://assets.woolworths.com.au/images/1005/90032.jpg?impolicy=wowsmkqiema&w=260&h=260,$6.00,,$5.00 / 1L, Add to cart , Save to list 
Raw C Coconut Water 2l,https://www.woolworths.com.au/shop/productdetails/630643/raw-c-coconut-water,,https://assets.woolworths.com.au/images/1005/630643.jpg?impolicy=wowsmkqiema&w=260&h=260,$6.00,,$3.00 / 1L, Add to cart , Save to list 
Gatorade G-active Electrolyte Water Mango Flavoured No Sugar 600ml,https://www.woolworths.com.au/shop/productdetails/802510/gatorade-g-active-electrolyte-water-mango-flavoured-no-sugar,https://www.woolworths.com.au/content/promotiontags/roundel-special-200x200.png,https://assets.woolworths.com.au/images/1005/802510.jpg?impolicy=wowsmkqiema&w=260&h=260,$2.35,$4.00,$3.92 / 1L, Add to cart , Save to list 
Zymil Long Life Full Cream Milk Lactose Free 250ml X3 Pack,https://www.woolworths.com.au/shop/productdetails/205773/zymil-long-life-full-cream-milk-lactose-free,,https://assets.woolworths.com.au/images/1005/205773.jpg?impolicy=wowsmkqiema&w=260&h=260,$3.20,,$4.27 / 1L, Add to cart , Save to list 
Schweppes Infused Natural Mineral Water Grapefruit Cans 375ml X 10 Pack,https://www.woolworths.com.au/shop/productdetails/231559/schweppes-infused-natural-mineral-water-grapefruit-cans,,https://assets.woolworths.com.au/images/1005/231559.jpg?impolicy=wowsmkqiema&w=260&h=260,$15.00,,$4.00 / 1L, Add to cart , Save to list 
T2 Tummy Tea Bags 10 Pack,https://www.woolworths.com.au/shop/productdetails/134424/t2-tummy-tea-bags,,https://assets.woolworths.com.au/images/1005/134424.jpg?impolicy=wowsmkqiema&w=260&h=260,$7.00,,$0.70 / 1EA, Add to cart , Save to list 
Kirks Sugar Free Lemonade Soft Drink  Bottle 1.25l,https://www.woolworths.com.au/shop/productdetails/260368/kirks-sugar-free-lemonade-soft-drink-bottle,,https://assets.woolworths.com.au/images/1005/260368.jpg?impolicy=wowsmkqiema&w=260&h=260,$2.50,,$2.00 / 1L, Add to cart , Save to list 
Nestle Milo Choc-malt 200g,https://www.woolworths.com.au/shop/productdetails/274341/nestle-milo-choc-malt,,https://assets.woolworths.com.au/images/1005/274341.jpg?impolicy=wowsmkqiema&w=260&h=260,$4.50,,$2.25 / 100G, Add to cart , Save to list 
Remedy Raspberry Sodaly Prebiotic Soda No Sugar Cans 250ml X4 Pack,https://www.woolworths.com.au/shop/productdetails/229584/remedy-raspberry-sodaly-prebiotic-soda-no-sugar-cans,https://www.woolworths.com.au/content/promotiontags/roundel-special-200x200.png,https://assets.woolworths.com.au/images/1005/229584.jpg?impolicy=wowsmkqiema&w=260&h=260,$5.00,$8.00,$5.00 / 1L, Add to cart , Save to list 
Cadbury Drinking Chocolate 450g,https://www.woolworths.com.au/shop/productdetails/152988/cadbury-drinking-chocolate,,https://assets.woolworths.com.au/images/1005/152988.jpg?impolicy=wowsmkqiema&w=260&h=260,$6.00,,$1.33 / 100G, Add to cart , Save to list 
Gatorade Sports Drink Watermelon 600ml,https://www.woolworths.com.au/shop/productdetails/245411/gatorade-sports-drink-watermelon,https://www.woolworths.com.au/content/promotiontags/roundel-special-200x200.png,https://assets.woolworths.com.au/images/1005/245411.jpg?impolicy=wowsmkqiema&w=260&h=260,$2.35,$4.00,$3.92 / 1L, Add to cart , Save to list 
Schweppes Dry Ginger Ale Zero Sugar 300ml X4 Pack,https://www.woolworths.com.au/shop/productdetails/253773/schweppes-dry-ginger-ale-zero-sugar,,https://assets.woolworths.com.au/images/1005/253773.jpg?impolicy=wowsmkqiema&w=260&h=260,,,,, Save to list 
Dash Water Raspberry Infused Sparkling Water 300ml X4,https://www.woolworths.com.au/shop/productdetails/176897/dash-water-raspberry-infused-sparkling-water,https://www.woolworths.com.au/content/promotiontags/roundel-special-200x200.png,https://assets.woolworths.com.au/images/1005/176897.jpg?impolicy=wowsmkqiema&w=260&h=260,$7.20,$8.00,$6.00 / 1L, Add to cart , Save to list 
Nescafe Starbucks Medium Roast Premium Instant Coffee 90g,https://www.woolworths.com.au/shop/productdetails/101681/nescafe-starbucks-medium-roast-premium-instant-coffee,,https://assets.woolworths.com.au/images/1005/101681.jpg?impolicy=wowsmkqiema&w=260&h=260,$13.00,,$14.44 / 100G, Add to cart , Save to list 
Mount Franklin Lightly Sparkling Water Raspberry Cans 250ml X 6 Pack,https://www.woolworths.com.au/shop/productdetails/242611/mount-franklin-lightly-sparkling-water-raspberry-cans,https://www.woolworths.com.au/content/promotiontags/roundel-buy-more-save-more-200x200.png,https://assets.woolworths.com.au/images/1005/242611.jpg?impolicy=wowsmkqiema&w=260&h=260,$9.20,,$6.13 / 1L, Add to cart , Save to list 
Mount Franklin Lightly Sparkling Water 450ml,https://www.woolworths.com.au/shop/productdetails/333023/mount-franklin-lightly-sparkling-water,https://www.woolworths.com.au/content/promotiontags/chilled-roundel.png,https://assets.woolworths.com.au/images/1005/333023.jpg?impolicy=wowsmkqiema&w=260&h=260,$3.10,,$6.89 / 1L, Add to cart , Save to list 
Mcguigan Alcohol Free Sauvignon Blanc 750ml,https://www.woolworths.com.au/shop/productdetails/95162/mcguigan-alcohol-free-sauvignon-blanc,,https://assets.woolworths.com.au/images/1005/95162.jpg?impolicy=wowsmkqiema&w=260&h=260,$12.50,,$16.67 / 1L, Add to cart , Save to list 
T2 French Earl Grey Tea Bags 10 Pack,https://www.woolworths.com.au/shop/productdetails/112517/t2-french-earl-grey-tea-bags,,https://assets.woolworths.com.au/images/1005/112517.jpg?impolicy=wowsmkqiema&w=260&h=260,$7.00,,$0.70 / 1EA, Add to cart , Save to list 
Westgold Full Cream Uht Milk 1l,https://www.woolworths.com.au/shop/productdetails/87769/westgold-full-cream-uht-milk,,https://assets.woolworths.com.au/images/1005/87769.jpg?impolicy=wowsmkqiema&w=260&h=260,,,,, Save to list 
Pump Lime Rush Water Bottle Lime Rush Bottle 750ml,https://www.woolworths.com.au/shop/productdetails/325530/pump-lime-rush-water-bottle-lime-rush-bottle,https://www.woolworths.com.au/content/promotiontags/chilled-roundel.png,https://assets.woolworths.com.au/images/1005/325530.jpg?impolicy=wowsmkqiema&w=260&h=260,$3.80,,$5.07 / 1L, Add to cart , Save to list 
Powerade Isotonic Mountain Blast Powder 500g,https://www.woolworths.com.au/shop/productdetails/262843/powerade-isotonic-mountain-blast-powder,,https://assets.woolworths.com.au/images/1005/262843.jpg?impolicy=wowsmkqiema&w=260&h=260,$13.05,,$2.61 / 100G, Add to cart , Save to list 
Vittoria Mountain Grown Ground Coffee 1kg,https://www.woolworths.com.au/shop/productdetails/186602/vittoria-mountain-grown-ground-coffee,,https://assets.woolworths.com.au/images/1005/186602.jpg?impolicy=wowsmkqiema&w=260&h=260,$44.00,,$4.40 / 100G, Add to cart , Save to list 
Sanitarium So Good Long Life Unsweetened Almond Coconut Milk 1l,https://www.woolworths.com.au/shop/productdetails/793384/sanitarium-so-good-long-life-unsweetened-almond-coconut-milk,,https://assets.woolworths.com.au/images/1005/793384.jpg?impolicy=wowsmkqiema&w=260&h=260,,,,, Save to list 
Remedy Passionfruit Sodaly Prebiotic Soda No Sugar Cans 250ml X4 Pack,https://www.woolworths.com.au/shop/productdetails/229441/remedy-passionfruit-sodaly-prebiotic-soda-no-sugar-cans,https://www.woolworths.com.au/content/promotiontags/roundel-special-200x200.png,https://assets.woolworths.com.au/images/1005/229441.jpg?impolicy=wowsmkqiema&w=260&h=260,$5.00,$8.00,$5.00 / 1L, Add to cart , Save to list 
Gatorade Orange Ice Sports Drink 600ml,https://www.woolworths.com.au/shop/productdetails/30450/gatorade-orange-ice-sports-drink,https://www.woolworths.com.au/content/promotiontags/roundel-special-200x200.png,https://assets.woolworths.com.au/images/1005/30450.jpg?impolicy=wowsmkqiema&w=260&h=260,$2.35,$4.00,$3.92 / 1L, Add to cart , Save to list 
Coca-cola No Sugar Soft Drink Mini Cans 250ml X 6 Pack,https://www.woolworths.com.au/shop/productdetails/243760/coca-cola-no-sugar-soft-drink-mini-cans,https://www.woolworths.com.au/content/promotiontags/roundel-buy-more-save-more-200x200.png,https://assets.woolworths.com.au/images/1005/243760.jpg?impolicy=wowsmkqiema&w=260&h=260,$9.20,,$6.13 / 1L, Add to cart , Save to list 
Vittoria Espresso Ground Coffee 200g,https://www.woolworths.com.au/shop/productdetails/37831/vittoria-espresso-ground-coffee,,https://assets.woolworths.com.au/images/1005/37831.jpg?impolicy=wowsmkqiema&w=260&h=260,$10.00,,$5.00 / 100G, Add to cart , Save to list 
Bundaberg Ginger Beer 375ml X10 Pack,https://www.woolworths.com.au/shop/productdetails/203552/bundaberg-ginger-beer,,https://assets.woolworths.com.au/images/1005/203552.jpg?impolicy=wowsmkqiema&w=260&h=260,$13.50,,$3.60 / 1L, Add to cart , Save to list 
Coca-cola Classic Soft Drink Multipack Cans 375ml X10 Pack,https://www.woolworths.com.au/shop/productdetails/793315/coca-cola-classic-soft-drink-multipack-cans,https://www.woolworths.com.au/content/promotiontags/roundel-special-200x200.png,https://assets.woolworths.com.au/images/1005/793315.jpg?impolicy=wowsmkqiema&w=260&h=260,$9.65,$16.10,$2.57 / 1L, Add to cart , Save to list 
Twinings Live Well Sleep Tea Bags 20 Pack,https://www.woolworths.com.au/shop/productdetails/226912/twinings-live-well-sleep-tea-bags,,https://assets.woolworths.com.au/images/1005/226912.jpg?impolicy=wowsmkqiema&w=260&h=260,$7.50,,$0.38 / 1EA, Add to cart , Save to list 
Woolworths Chocolate Milk 6x200ml,https://www.woolworths.com.au/shop/productdetails/739730/woolworths-chocolate-milk,,https://assets.woolworths.com.au/images/1005/739730.jpg?impolicy=wowsmkqiema&w=260&h=260,$4.60,,$3.83 / 1L, Add to cart , Save to list 
Pepsi Bottle 1.25l,https://www.woolworths.com.au/shop/productdetails/35808/pepsi-bottle,,https://assets.woolworths.com.au/images/1005/35808.jpg?impolicy=wowsmkqiema&w=260&h=260,$2.70,,$2.16 / 1L, Add to cart , Save to list 
Vittoria Espressotoria Espresso Coffee Capsules 12 Pack,https://www.woolworths.com.au/shop/productdetails/829318/vittoria-espressotoria-espresso-coffee-capsules,https://www.woolworths.com.au/content/promotiontags/roundel-special-200x200.png,https://assets.woolworths.com.au/images/1005/829318.jpg?impolicy=wowsmkqiema&w=260&h=260,$7.00,$10.00,$0.58 / 1EA, Add to cart , Save to list 
Twinings English Breakfast Loose Leaf Tea 125g,https://www.woolworths.com.au/shop/productdetails/41853/twinings-english-breakfast-loose-leaf-tea,,https://assets.woolworths.com.au/images/1005/41853.jpg?impolicy=wowsmkqiema&w=260&h=260,$7.50,,$6.00 / 100G, Add to cart , Save to list 
Nestle Milo Refill Pack 750g,https://www.woolworths.com.au/shop/productdetails/105853/nestle-milo-refill-pack,,https://assets.woolworths.com.au/images/1005/105853.jpg?impolicy=wowsmkqiema&w=260&h=260,$9.50,,$1.27 / 100G, Add to cart , Save to list 
Lipton English Breakfast Tea Bags 100 Pack,https://www.woolworths.com.au/shop/productdetails/159370/lipton-english-breakfast-tea-bags,https://www.woolworths.com.au/content/promotiontags/roundel-special-200x200.png,https://assets.woolworths.com.au/images/1005/159370.jpg?impolicy=wowsmkqiema&w=260&h=260,$4.00,$5.80,$0.04 / 1EA, Add to cart , Save to list 
Lipton Ice Tea Peach 1.5l,https://www.woolworths.com.au/shop/productdetails/305224/lipton-ice-tea-peach,https://www.woolworths.com.au/content/promotiontags/roundel-buy-more-save-more-200x200.png,https://assets.woolworths.com.au/images/1005/305224.jpg?impolicy=wowsmkqiema&w=260&h=260,$5.00,,$3.33 / 1L, Add to cart , Save to list 
Golden Circle Fruit Drinks Lunch Box Poppers Multipack Sunshine Punch 250ml X6 Pack,https://www.woolworths.com.au/shop/productdetails/36182/golden-circle-fruit-drinks-lunch-box-poppers-multipack-sunshine-punch,,https://assets.woolworths.com.au/images/1005/36182.jpg?impolicy=wowsmkqiema&w=260&h=260,$5.10,,$3.40 / 1L, Add to cart , Save to list 
Dash Water Lemon Infused Sparkling Water 300ml X4,https://www.woolworths.com.au/shop/productdetails/178233/dash-water-lemon-infused-sparkling-water,https://www.woolworths.com.au/content/promotiontags/roundel-special-200x200.png,https://assets.woolworths.com.au/images/1005/178233.jpg?impolicy=wowsmkqiema&w=260&h=260,$7.20,$8.00,$6.00 / 1L, Add to cart , Save to list 
Coca-cola Classic Mini Cans 250ml X 6 Pack,https://www.woolworths.com.au/shop/productdetails/244370/coca-cola-classic-mini-cans,https://www.woolworths.com.au/content/promotiontags/roundel-buy-more-save-more-200x200.png,https://assets.woolworths.com.au/images/1005/244370.jpg?impolicy=wowsmkqiema&w=260&h=260,$9.20,,$6.13 / 1L, Add to cart , Save to list 
Almond Breeze Unsweetened Almond Milk 1l,https://www.woolworths.com.au/shop/productdetails/761604/almond-breeze-unsweetened-almond-milk,,https://assets.woolworths.com.au/images/1005/761604.jpg?impolicy=wowsmkqiema&w=260&h=260,$3.00,,$3.00 / 1L, Add to cart , Save to list 
Nerada Tea Bags 200 Pack 400g,https://www.woolworths.com.au/shop/productdetails/75979/nerada-tea-bags,,https://assets.woolworths.com.au/images/1005/75979.jpg?impolicy=wowsmkqiema&w=260&h=260,$6.00,,$0.03 / 1EA, Add to cart , Save to list 
Woolworths Apple Juice 6x250ml,https://www.woolworths.com.au/shop/productdetails/729168/woolworths-apple-juice,,https://assets.woolworths.com.au/images/1005/729168.jpg?impolicy=wowsmkqiema&w=260&h=260,$3.50,,$2.33 / 1L, Add to cart , Save to list 
Kirks Lemon Squash Soft Drink Multipack Cans 375ml X10 Pack,https://www.woolworths.com.au/shop/productdetails/159797/kirks-lemon-squash-soft-drink-multipack-cans,,https://assets.woolworths.com.au/images/1005/159797.jpg?impolicy=wowsmkqiema&w=260&h=260,$13.00,,$3.47 / 1L, Add to cart , Save to list 
Gatorade No Sugar Glacier Freeze 600ml,https://www.woolworths.com.au/shop/productdetails/152235/gatorade-no-sugar-glacier-freeze,https://www.woolworths.com.au/content/promotiontags/roundel-special-200x200.png,https://assets.woolworths.com.au/images/1005/152235.jpg?impolicy=wowsmkqiema&w=260&h=260,$2.35,$4.00,$3.92 / 1L, Add to cart , Save to list 
Dilmah Premium Quality Loose Leaf Tea 250g,https://www.woolworths.com.au/shop/productdetails/18206/dilmah-premium-quality-loose-leaf-tea,,https://assets.woolworths.com.au/images/1005/18206.jpg?impolicy=wowsmkqiema&w=260&h=260,$5.65,,$2.26 / 100G, Add to cart , Save to list 
Juice Lab Wellness Digest Gut Health Super Shot 60ml,https://www.woolworths.com.au/shop/productdetails/157076/juice-lab-wellness-digest-gut-health-super-shot,,https://assets.woolworths.com.au/images/1005/157076.jpg?impolicy=wowsmkqiema&w=260&h=260,$3.50,,$58.33 / 1L, Add to cart , Save to list 
The Juice Lab Focus Brain Power Super Shot 60ml,https://www.woolworths.com.au/shop/productdetails/156874/the-juice-lab-focus-brain-power-super-shot,,https://assets.woolworths.com.au/images/1005/156874.jpg?impolicy=wowsmkqiema&w=260&h=260,$3.50,,$58.33 / 1L, Add to cart , Save to list 
Starbucks By Nespresso Blonde Espresso Roast Pods 18 Pack,https://www.woolworths.com.au/shop/productdetails/223044/starbucks-by-nespresso-blonde-espresso-roast-pods,,https://assets.woolworths.com.au/images/1005/223044.jpg?impolicy=wowsmkqiema&w=260&h=260,$13.00,,$0.72 / 1EA, Add to cart , Save to list 
Youjuice Multivitamin Squeeze 350ml,https://www.woolworths.com.au/shop/productdetails/157658/youjuice-multivitamin-squeeze,,https://assets.woolworths.com.au/images/1005/157658.jpg?impolicy=wowsmkqiema&w=260&h=260,$4.00,,$11.43 / 1L, Add to cart , Save to list 
Edenvale Non Alcoholic Wine Shiraz 750ml,https://www.woolworths.com.au/shop/productdetails/308940/edenvale-non-alcoholic-wine-shiraz,https://www.woolworths.com.au/content/promotiontags/roundel-special-200x200.png,https://assets.woolworths.com.au/images/1005/308940.jpg?impolicy=wowsmkqiema&w=260&h=260,$8.40,$10.50,$11.20 / 1L, Add to cart , Save to list 
Califia Farms Oat Barista Blend Uht Milk 1l,https://www.woolworths.com.au/shop/productdetails/155190/califia-farms-oat-barista-blend-uht-milk,,https://assets.woolworths.com.au/images/1005/155190.jpg?impolicy=wowsmkqiema&w=260&h=260,$4.90,,$4.90 / 1L, Add to cart , Save to list 
Dash Water Cucumber Infused Sparkling Water 300ml X4,https://www.woolworths.com.au/shop/productdetails/178308/dash-water-cucumber-infused-sparkling-water,https://www.woolworths.com.au/content/promotiontags/roundel-special-200x200.png,https://assets.woolworths.com.au/images/1005/178308.jpg?impolicy=wowsmkqiema&w=260&h=260,$7.20,$8.00,$6.00 / 1L, Add to cart , Save to list 
Twinings Chai Vanilla Tea Bags 80 Pack,https://www.woolworths.com.au/shop/productdetails/94179/twinings-chai-vanilla-tea-bags-bags,https://www.woolworths.com.au/content/promotiontags/roundel-half-price-200x200.png,https://assets.woolworths.com.au/images/1005/94179.jpg?impolicy=wowsmkqiema&w=260&h=260,$6.75,$13.50,$0.08 / 1EA, Add to cart , Save to list 
Robert Timms Coffee Bags Decaffeinated 18 Pack,https://www.woolworths.com.au/shop/productdetails/157346/robert-timms-coffee-bags-decaffeinated,,https://assets.woolworths.com.au/images/1005/157346.jpg?impolicy=wowsmkqiema&w=260&h=260,$10.00,,$0.56 / 1EA, Add to cart , Save to list 
Liddells Skim Long Life Milk Lactose Free 1l,https://www.woolworths.com.au/shop/productdetails/209144/liddells-skim-long-life-milk-lactose-free,,https://assets.woolworths.com.au/images/1005/209144.jpg?impolicy=wowsmkqiema&w=260&h=260,$3.00,,$3.00 / 1L, Add to cart , Save to list 
S.pellegrino Essenza Blood Orange & Black Raspberry 330ml X 8 Pack,https://www.woolworths.com.au/shop/productdetails/231982/san-pellegrino-s-pellegrino-essenza-blood-orange-black-raspberry,,https://assets.woolworths.com.au/images/1005/231982.jpg?impolicy=wowsmkqiema&w=260&h=260,$15.60,,$5.91 / 1L, Add to cart , Save to list 
Vittoria Espresso Nespresso Compatible Coffee Capsules Pack 20,https://www.woolworths.com.au/shop/productdetails/93852/vittoria-espresso-nespresso-compatible-coffee-capsules,,https://assets.woolworths.com.au/images/1005/93852.jpg?impolicy=wowsmkqiema&w=260&h=260,$13.00,,$0.65 / 1EA, Add to cart , Save to list 
Twinings Live Well Sleep Well Tea Bags 22 Pack,https://www.woolworths.com.au/shop/productdetails/226405/twinings-live-well-sleep-well-tea-bags,,https://assets.woolworths.com.au/images/1005/226405.jpg?impolicy=wowsmkqiema&w=260&h=260,$7.50,,$0.34 / 1EA, Add to cart , Save to list 
Vittoria Espressotoria Italian Coffee Capsules 12 Pack,https://www.woolworths.com.au/shop/productdetails/829332/vittoria-espressotoria-italian-coffee-capsules,https://www.woolworths.com.au/content/promotiontags/roundel-special-200x200.png,https://assets.woolworths.com.au/images/1005/829332.jpg?impolicy=wowsmkqiema&w=260&h=260,$7.00,$10.00,$0.58 / 1EA, Add to cart , Save to list 
Pepsi Max Cans 10x375ml,https://www.woolworths.com.au/shop/productdetails/442190/pepsi-max-cans,,https://assets.woolworths.com.au/images/1005/442190.jpg?impolicy=wowsmkqiema&w=260&h=260,$16.50,,$4.40 / 1L, Add to cart , Save to list 
Australia's Own Unsweetened Coconut Milk 1l,https://www.woolworths.com.au/shop/productdetails/575869/australia-s-own-unsweetened-coconut-milk,,https://assets.woolworths.com.au/images/1005/575869.jpg?impolicy=wowsmkqiema&w=260&h=260,$3.20,,$3.20 / 1L, Add to cart , Save to list 
Starbucks By Nespresso Single Origin Colombia Capsules 18 Pack,https://www.woolworths.com.au/shop/productdetails/222780/starbucks-by-nespresso-single-origin-colombia-capsules,,https://assets.woolworths.com.au/images/1005/222780.jpg?impolicy=wowsmkqiema&w=260&h=260,,,,, Save to list 
Nerada Tea Bags 100 Pack 200g,https://www.woolworths.com.au/shop/productdetails/76493/nerada-tea-bags,,https://assets.woolworths.com.au/images/1005/76493.jpg?impolicy=wowsmkqiema&w=260&h=260,$5.30,,$0.05 / 1EA, Add to cart , Save to list 
Devondale 100% Pure Full Cream Long Life Milk 150ml,https://www.woolworths.com.au/shop/productdetails/310679/devondale-100-pure-full-cream-long-life-milk,,https://assets.woolworths.com.au/images/1005/310679.jpg?impolicy=wowsmkqiema&w=260&h=260,$1.30,,$8.67 / 1L, Add to cart , Save to list 
Golden Circle Fruit Drinks Lunch Box Poppers Multipack Apple Splash 250ml X6 Pack,https://www.woolworths.com.au/shop/productdetails/94950/golden-circle-fruit-drinks-lunch-box-poppers-multipack-apple-splash,,https://assets.woolworths.com.au/images/1005/94950.jpg?impolicy=wowsmkqiema&w=260&h=260,$5.10,,$3.40 / 1L, Add to cart , Save to list 
Liddells Low Fat Long Life Milk Lactose Free 1l,https://www.woolworths.com.au/shop/productdetails/30475/liddells-low-fat-long-life-milk-lactose-free,,https://assets.woolworths.com.au/images/1005/30475.jpg?impolicy=wowsmkqiema&w=260&h=260,$3.00,,$3.00 / 1L, Add to cart , Save to list 
Woolworths Dry Ginger Ale 1.25l,https://www.woolworths.com.au/shop/productdetails/756047/woolworths-dry-ginger-ale,https://www.woolworths.com.au/content/promotiontags/final_only_at_woolworths_roundel_200x200.png,https://assets.woolworths.com.au/images/1005/756047.jpg?impolicy=wowsmkqiema&w=260&h=260,$1.10,,$0.88 / 1L, Add to cart , Save to list 
Golden Circle Fruit Juices Pineapple Juice 2l,https://www.woolworths.com.au/shop/productdetails/67059/golden-circle-fruit-juices-pineapple-juice-juice,,https://assets.woolworths.com.au/images/1005/67059.jpg?impolicy=wowsmkqiema&w=260&h=260,$4.80,,$2.40 / 1L, Add to cart , Save to list 
Madura Premium Blend Tea Bags 100 Pack 200g,https://www.woolworths.com.au/shop/productdetails/55696/madura-premium-blend-tea-bags,,https://assets.woolworths.com.au/images/1005/55696.jpg?impolicy=wowsmkqiema&w=260&h=260,$10.00,,$0.10 / 1EA, Add to cart , Save to list 
Powerade Berry Ice Zero Sports Drink Sipper Cap 600ml,https://www.woolworths.com.au/shop/productdetails/723452/powerade-berry-ice-zero-sports-drink-sipper-cap,https://www.woolworths.com.au/content/promotiontags/roundel-special-200x200.png,https://assets.woolworths.com.au/images/1005/723452.jpg?impolicy=wowsmkqiema&w=260&h=260,$2.40,$4.00,$4.00 / 1L, Add to cart , Save to list 
Original Juice Orange Juice 1.5l,https://www.woolworths.com.au/shop/productdetails/88470/original-juice-orange-juice,https://www.woolworths.com.au/content/promotiontags/roundel-special-200x200.png,https://assets.woolworths.com.au/images/1005/88470.jpg?impolicy=wowsmkqiema&w=260&h=260,$5.00,$6.00,$3.33 / 1L, Add to cart , Save to list 
Nudie Kids Tetra Apple 200ml,https://www.woolworths.com.au/shop/productdetails/22956/nudie-kids-tetra-apple,,https://assets.woolworths.com.au/images/1005/22956.jpg?impolicy=wowsmkqiema&w=260&h=260,$2.20,,$11.00 / 1L, Add to cart , Save to list 
Woolworths Apple Raspberry 35% Fruit Juice 250ml X6 Pack,https://www.woolworths.com.au/shop/productdetails/84266/woolworths-apple-raspberry-35-fruit-juice,,https://assets.woolworths.com.au/images/1005/84266.jpg?impolicy=wowsmkqiema&w=260&h=260,$3.00,,$2.00 / 1L, Add to cart , Save to list 
Mount Franklin Spring Water Bottle 600ml,https://www.woolworths.com.au/shop/productdetails/45533/mount-franklin-spring-water-bottle,https://www.woolworths.com.au/content/promotiontags/chilled-roundel.png,https://assets.woolworths.com.au/images/1005/45533.jpg?impolicy=wowsmkqiema&w=260&h=260,$2.25,,$3.75 / 1L, Add to cart , Save to list 
Golden Circle Drinks Sunshine Punch Fruit Drink 1l,https://www.woolworths.com.au/shop/productdetails/35498/golden-circle-drinks-sunshine-punch-fruit-drink,,https://assets.woolworths.com.au/images/1005/35498.jpg?impolicy=wowsmkqiema&w=260&h=260,$2.70,,$2.70 / 1L, Add to cart , Save to list 
Gatorade No Sugar Berry 600ml,https://www.woolworths.com.au/shop/productdetails/153052/gatorade-no-sugar-berry,https://www.woolworths.com.au/content/promotiontags/roundel-special-200x200.png,https://assets.woolworths.com.au/images/1005/153052.jpg?impolicy=wowsmkqiema&w=260&h=260,$2.35,$4.00,$3.92 / 1L, Add to cart , Save to list 
Powerade Active Water Mango Sports Drink Sipper Cap 600ml,https://www.woolworths.com.au/shop/productdetails/51569/powerade-active-water-mango-sports-drink-sipper-cap,https://www.woolworths.com.au/content/promotiontags/roundel-special-200x200.png,https://assets.woolworths.com.au/images/1005/51569.jpg?impolicy=wowsmkqiema&w=260&h=260,$2.40,$4.00,$4.00 / 1L, Add to cart , Save to list 
Remedy Lemon Squash Sodaly Prebiotic Soda No Sugar Cans 250ml X4 Pack,https://www.woolworths.com.au/shop/productdetails/229714/remedy-lemon-squash-sodaly-prebiotic-soda-no-sugar-cans,https://www.woolworths.com.au/content/promotiontags/roundel-special-200x200.png,https://assets.woolworths.com.au/images/1005/229714.jpg?impolicy=wowsmkqiema&w=260&h=260,$5.00,$8.00,$5.00 / 1L, Add to cart , Save to list 
Coca-cola Diet Soft Drink Bottle 1.25l,https://www.woolworths.com.au/shop/productdetails/94493/coca-cola-diet-soft-drink-bottle,https://www.woolworths.com.au/content/promotiontags/roundel-special-200x200.png,https://assets.woolworths.com.au/images/1005/94493.jpg?impolicy=wowsmkqiema&w=260&h=260,$2.10,$3.55,$1.68 / 1L, Add to cart , Save to list 
Starbucks By Nespresso Intensity 8 House Blend Coffee Pods 36 Pack,https://www.woolworths.com.au/shop/productdetails/221229/starbucks-by-nespresso-intensity-8-house-blend-coffee-pods,https://www.woolworths.com.au/content/promotiontags/roundel-special-200x200.png,https://assets.woolworths.com.au/images/1005/221229.jpg?impolicy=wowsmkqiema&w=260&h=260,$17.50,$22.00,$0.49 / 1EA, Add to cart , Save to list 
H2juice Mango Mix 1.25l,https://www.woolworths.com.au/shop/productdetails/188805/h2juice-mango-mix,,https://assets.woolworths.com.au/images/1005/188805.jpg?impolicy=wowsmkqiema&w=260&h=260,$5.00,,$4.00 / 1L, Add to cart , Save to list 
Remedy Orange Sodaly Prebiotic Soda No Sugar Cans 250ml X4 Pack,https://www.woolworths.com.au/shop/productdetails/229752/remedy-orange-sodaly-prebiotic-soda-no-sugar-cans,https://www.woolworths.com.au/content/promotiontags/roundel-special-200x200.png,https://assets.woolworths.com.au/images/1005/229752.jpg?impolicy=wowsmkqiema&w=260&h=260,$5.00,$8.00,$5.00 / 1L, Add to cart , Save to list 
Golden Circle Fruit Drinks Lunch Box Poppers Multipack Golden Pash 250ml X6 Pack,https://www.woolworths.com.au/shop/productdetails/7576/golden-circle-fruit-drinks-lunch-box-poppers-multipack-golden-pash,,https://assets.woolworths.com.au/images/1005/7576.jpg?impolicy=wowsmkqiema&w=260&h=260,$5.10,,$3.40 / 1L, Add to cart , Save to list 
Bundaberg Tropical Mango Sparkling Drink 375ml X4 Pack,https://www.woolworths.com.au/shop/productdetails/652009/bundaberg-tropical-mango-sparkling-drink,,https://assets.woolworths.com.au/images/1005/652009.jpg?impolicy=wowsmkqiema&w=260&h=260,$7.00,,$4.67 / 1L, Add to cart , Save to list 
Berri Pop Tops Apple Juice 250ml,https://www.woolworths.com.au/shop/productdetails/700548/berri-pop-tops-apple-juice,,https://assets.woolworths.com.au/images/1005/700548.jpg?impolicy=wowsmkqiema&w=260&h=260,$1.30,,$5.20 / 1L, Add to cart , Save to list 
Bundaberg Diet Sarsaparilla 375ml X4 Pack,https://www.woolworths.com.au/shop/productdetails/886811/bundaberg-diet-sarsaparilla,,https://assets.woolworths.com.au/images/1005/886811.jpg?impolicy=wowsmkqiema&w=260&h=260,$7.00,,$4.67 / 1L, Add to cart , Save to list 
Dilmah Extra Strength Tea Bags 50 Pack,https://www.woolworths.com.au/shop/productdetails/199689/dilmah-extra-strength-tea-bags,,https://assets.woolworths.com.au/images/1005/199689.jpg?impolicy=wowsmkqiema&w=260&h=260,$4.00,,$0.08 / 1EA, Add to cart , Save to list 
Quarter Past Caramel Coffee Syrup 250ml,https://www.woolworths.com.au/shop/productdetails/789291/quarter-past-caramel-coffee-syrup-caramel,,https://assets.woolworths.com.au/images/1005/789291.jpg?impolicy=wowsmkqiema&w=260&h=260,$5.00,,$2.00 / 100ML, Add to cart , Save to list 
Pepsi Cans 30x375ml,https://www.woolworths.com.au/shop/productdetails/773147/pepsi-cans,,https://assets.woolworths.com.au/images/1005/773147.jpg?impolicy=wowsmkqiema&w=260&h=260,$24.00,,$2.13 / 1L, Add to cart , Save to list 
Strangelove Light Tonic 540ml,https://www.woolworths.com.au/shop/productdetails/25125/strangelove-light-tonic,,https://assets.woolworths.com.au/images/1005/25125.jpg?impolicy=wowsmkqiema&w=260&h=260,,,,, Save to list 
Woolworths Strawberry Milk 6x200ml,https://www.woolworths.com.au/shop/productdetails/739739/woolworths-strawberry-milk,,https://assets.woolworths.com.au/images/1005/739739.jpg?impolicy=wowsmkqiema&w=260&h=260,$4.60,,$3.83 / 1L, Add to cart , Save to list 
Remedy Guava Sodaly Prebiotic Prebiotic Soda No Sugar Cans 250ml X4 Pack,https://www.woolworths.com.au/shop/productdetails/229762/remedy-guava-sodaly-prebiotic-prebiotic-soda-no-sugar-cans,,https://assets.woolworths.com.au/images/1005/229762.jpg?impolicy=wowsmkqiema&w=260&h=260,,,,, Save to list 
Mount Franklin Lightly Sparkling Water Mango Flavour Cans 250ml X 6 Pack,https://www.woolworths.com.au/shop/productdetails/242089/mount-franklin-lightly-sparkling-water-mango-flavour-cans,https://www.woolworths.com.au/content/promotiontags/roundel-buy-more-save-more-200x200.png,https://assets.woolworths.com.au/images/1005/242089.jpg?impolicy=wowsmkqiema&w=260&h=260,$9.20,,$6.13 / 1L, Add to cart , Save to list 
Kirks Sugar Free Creaming Soda Soft Drink Bottle 1.25l,https://www.woolworths.com.au/shop/productdetails/260366/kirks-sugar-free-creaming-soda-soft-drink-bottle,,https://assets.woolworths.com.au/images/1005/260366.jpg?impolicy=wowsmkqiema&w=260&h=260,$2.50,,$2.00 / 1L, Add to cart , Save to list 
Diet Rite Cordial Fruit Cocktail 1l,https://www.woolworths.com.au/shop/productdetails/574762/diet-rite-cordial-fruit-cocktail,,https://assets.woolworths.com.au/images/1005/574762.jpg?impolicy=wowsmkqiema&w=260&h=260,$3.50,,$3.50 / 1L, Add to cart , Save to list 
Rockstar Energy Drink Punched Watermelon Freeze 500ml,https://www.woolworths.com.au/shop/productdetails/683934/rockstar-energy-drink-punched-watermelon-freeze,https://www.woolworths.com.au/content/promotiontags/roundel-special-200x200.png,https://assets.woolworths.com.au/images/1005/683934.jpg?impolicy=wowsmkqiema&w=260&h=260,$2.70,$3.10,$5.40 / 1L, Add to cart , Save to list 
Woolworths Fruit Drink 35% Orange Mango 6x250ml,https://www.woolworths.com.au/shop/productdetails/503110/woolworths-fruit-drink-35-orange-mango,,https://assets.woolworths.com.au/images/1005/503110.jpg?impolicy=wowsmkqiema&w=260&h=260,$3.00,,$2.00 / 1L, Add to cart , Save to list 
Ocean Spray Cranberry Classic Juice Drink 1.5l,https://www.woolworths.com.au/shop/productdetails/195393/ocean-spray-cranberry-classic-juice-drink,,https://assets.woolworths.com.au/images/1005/195393.jpg?impolicy=wowsmkqiema&w=260&h=260,$6.40,,$4.27 / 1L, Add to cart , Save to list 
Twinings Earl Grey Tea Bags 50 Pack,https://www.woolworths.com.au/shop/productdetails/42980/twinings-earl-grey-tea-bags-tea-bags,,https://assets.woolworths.com.au/images/1005/42980.jpg?impolicy=wowsmkqiema&w=260&h=260,$7.50,,$0.15 / 1EA, Add to cart , Save to list 
"Schweppes Lemon, Lime & Bitters Zero Sugar Soda Syrup 300ml",https://www.woolworths.com.au/shop/productdetails/229460/schweppes-lemon-lime-bitters-zero-sugar-soda-syrup,https://www.woolworths.com.au/content/promotiontags/roundel-special-200x200.png,https://assets.woolworths.com.au/images/1005/229460.jpg?impolicy=wowsmkqiema&w=260&h=260,$3.60,$4.50,$12.00 / 1L, Add to cart , Save to list 
Prima Tropical Fruit Drink 6x200ml,https://www.woolworths.com.au/shop/productdetails/315776/prima-tropical-fruit-drink,,https://assets.woolworths.com.au/images/1005/315776.jpg?impolicy=wowsmkqiema&w=260&h=260,$3.60,,$3.00 / 1L, Add to cart , Save to list 
Nerada Organic Lemon & Ginger Tea Bags 40 Pack,https://www.woolworths.com.au/shop/productdetails/326720/nerada-organic-lemon-ginger-tea-bags,https://www.woolworths.com.au/content/promotiontags/roundel-special-200x200.png,https://assets.woolworths.com.au/images/1005/326720.jpg?impolicy=wowsmkqiema&w=260&h=260,$4.60,$5.80,$0.12 / 1EA, Add to cart , Save to list 
Prima Apple & Raspberry Fruit Drink 6x200ml,https://www.woolworths.com.au/shop/productdetails/315759/prima-apple-raspberry-fruit-drink,,https://assets.woolworths.com.au/images/1005/315759.jpg?impolicy=wowsmkqiema&w=260&h=260,$3.60,,$3.00 / 1L, Add to cart , Save to list 
Red Bull Energy Drink Cans 12 X250ml,https://www.woolworths.com.au/shop/productdetails/223875/red-bull-energy-drink-cans,,https://assets.woolworths.com.au/images/1005/223875.jpg?impolicy=wowsmkqiema&w=260&h=260,$24.00,,$8.00 / 1L, Add to cart , Save to list 
T2 Detox Tea Bags 10 Pack,https://www.woolworths.com.au/shop/productdetails/134181/t2-detox-tea-bags,,https://assets.woolworths.com.au/images/1005/134181.jpg?impolicy=wowsmkqiema&w=260&h=260,$7.00,,$0.70 / 1EA, Add to cart , Save to list 
Sanitarium So Good Long Life Regular Soy Milk 250ml X3 Pack,https://www.woolworths.com.au/shop/productdetails/263672/sanitarium-so-good-long-life-regular-soy-milk,,https://assets.woolworths.com.au/images/1005/263672.jpg?impolicy=wowsmkqiema&w=260&h=260,$3.60,,$4.80 / 1L, Add to cart , Save to list 
Ardmona Ardmona Apricot Nectar Fruit Drink 405ml,https://www.woolworths.com.au/shop/productdetails/232164/ardmona-apricot-nectar-fruit-drink,,https://assets.woolworths.com.au/images/1005/232164.jpg?impolicy=wowsmkqiema&w=260&h=260,$2.00,,$4.94 / 1L, Add to cart , Save to list 
Pureharvest Almond Quench 1l,https://www.woolworths.com.au/shop/productdetails/808867/pureharvest-almond-quench,,https://assets.woolworths.com.au/images/1005/808867.jpg?impolicy=wowsmkqiema&w=260&h=260,$3.50,,$3.50 / 1L, Add to cart , Save to list 
Golden Circle Orange Fruit Drink Poppers Lunchbox Lunch Box Popper 250ml X6 Pack,https://www.woolworths.com.au/shop/productdetails/43801/golden-circle-orange-fruit-drink-poppers-lunchbox-lunch-box-popper,,https://assets.woolworths.com.au/images/1005/43801.jpg?impolicy=wowsmkqiema&w=260&h=260,$5.10,,$3.40 / 1L, Add to cart , Save to list 
Moccona Freeze Dried Instant Coffee Classic Medium Roast 400g,https://www.woolworths.com.au/shop/productdetails/208575/moccona-freeze-dried-instant-coffee-classic-medium-roast,https://www.woolworths.com.au/content/promotiontags/roundel-special-200x200.png,https://assets.woolworths.com.au/images/1005/208575.jpg?impolicy=wowsmkqiema&w=260&h=260,$19.50,$28.00,$4.88 / 100G, Add to cart , Save to list 
"Remedy Lemon, Lime & Bitters Sodaly Prebiotic Soda No Sugar Cans 250ml X4 Pack",https://www.woolworths.com.au/shop/productdetails/229636/remedy-lemon-lime-bitters-sodaly-prebiotic-soda-no-sugar-cans,https://www.woolworths.com.au/content/promotiontags/roundel-special-200x200.png,https://assets.woolworths.com.au/images/1005/229636.jpg?impolicy=wowsmkqiema&w=260&h=260,$5.00,$8.00,$5.00 / 1L, Add to cart , Save to list 
Nerada Loose Leaf Tea 250g,https://www.woolworths.com.au/shop/productdetails/33072/nerada-loose-leaf-tea,,https://assets.woolworths.com.au/images/1005/33072.jpg?impolicy=wowsmkqiema&w=260&h=260,$3.30,,$1.32 / 100G, Add to cart , Save to list 
Alka Power Ph9-10 Alkaline Water 12 X600ml,https://www.woolworths.com.au/shop/productdetails/222419/alka-power-ph9-10-alkaline-water,,https://assets.woolworths.com.au/images/1005/222419.jpg?impolicy=wowsmkqiema&w=260&h=260,$15.00,,$2.08 / 1L, Add to cart , Save to list 
La Ice Cola No Sugar 2l,https://www.woolworths.com.au/shop/productdetails/177982/la-ice-cola-no-sugar,,https://assets.woolworths.com.au/images/1005/177982.jpg?impolicy=wowsmkqiema&w=260&h=260,$2.00,,$1.00 / 1L, Add to cart , Save to list 
Lipton Peach Ice Tea 500ml,https://www.woolworths.com.au/shop/productdetails/201689/lipton-peach-ice-tea,,https://assets.woolworths.com.au/images/1005/201689.jpg?impolicy=wowsmkqiema&w=260&h=260,$3.00,,$6.00 / 1L, Add to cart , Save to list 
Bundaberg Ginger Beer 375ml X4 Pack,https://www.woolworths.com.au/shop/productdetails/97471/bundaberg-ginger-beer,,https://assets.woolworths.com.au/images/1005/97471.jpg?impolicy=wowsmkqiema&w=260&h=260,$7.00,,$4.67 / 1L, Add to cart , Save to list 
Twinings Every Day Black Tea Bags 100 Pack,https://www.woolworths.com.au/shop/productdetails/225648/twinings-every-day-black-tea-bags,,https://assets.woolworths.com.au/images/1005/225648.jpg?impolicy=wowsmkqiema&w=260&h=260,$13.50,,$0.14 / 1EA, Add to cart , Save to list 
Bushells Black Tea Extra Strong 100 Pack,https://www.woolworths.com.au/shop/productdetails/148131/bushells-black-tea-extra-strong,,https://assets.woolworths.com.au/images/1005/148131.jpg?impolicy=wowsmkqiema&w=260&h=260,$4.85,,$0.05 / 1EA, Add to cart , Save to list 
V Energy Blue 250mlx 4,https://www.woolworths.com.au/shop/productdetails/729764/v-energy-blue,,https://assets.woolworths.com.au/images/1005/729764.jpg?impolicy=wowsmkqiema&w=260&h=260,$10.50,,$10.50 / 1L, Add to cart , Save to list 
Starbucks Nescafe Dolce Gusto Cappuccino Coffee Pods 6 Pack,https://www.woolworths.com.au/shop/productdetails/61662/nescafe-starbucks-nescafe-dolce-gusto-cappuccino-coffee-pods,,https://assets.woolworths.com.au/images/1005/61662.jpg?impolicy=wowsmkqiema&w=260&h=260,$10.00,,$0.83 / 1EA, Add to cart , Save to list 
Powerade Isotonic Berry Ice Powder 500g,https://www.woolworths.com.au/shop/productdetails/369725/powerade-isotonic-berry-ice-powder,,https://assets.woolworths.com.au/images/1005/369725.jpg?impolicy=wowsmkqiema&w=260&h=260,$13.05,,$2.61 / 100G, Add to cart , Save to list 
Pureharvest Organic Almond Milk 1l,https://www.woolworths.com.au/shop/productdetails/260099/pureharvest-organic-almond-milk,,https://assets.woolworths.com.au/images/1005/260099.jpg?impolicy=wowsmkqiema&w=260&h=260,$3.40,,$3.40 / 1L, Add to cart , Save to list 
Fanta Orange Soft Drink Bottle 1.25l,https://www.woolworths.com.au/shop/productdetails/32812/fanta-orange-soft-drink-bottle,https://www.woolworths.com.au/content/promotiontags/roundel-special-200x200.png,https://assets.woolworths.com.au/images/1005/32812.jpg?impolicy=wowsmkqiema&w=260&h=260,$2.10,$3.55,$1.68 / 1L, Add to cart , Save to list 
Good Cocktail Co Daiquiri Alcohol Free Cocktail Mixer 750ml,https://www.woolworths.com.au/shop/productdetails/222706/good-cocktail-co-daiquiri-alcohol-free-cocktail-mixer,,https://assets.woolworths.com.au/images/1005/222706.jpg?impolicy=wowsmkqiema&w=260&h=260,$10.00,,$13.33 / 1L, Add to cart , Save to list 
Starbucks Espresso Roast Capsules 36 Pack,https://www.woolworths.com.au/shop/productdetails/221793/starbucks-espresso-roast-capsules,https://www.woolworths.com.au/content/promotiontags/roundel-special-200x200.png,https://assets.woolworths.com.au/images/1005/221793.jpg?impolicy=wowsmkqiema&w=260&h=260,$17.50,$22.00,$0.49 / 1EA, Add to cart , Save to list 
Powerade Flo Cap Ion 4 Kiwi & Pineapple Bottle 600ml,https://www.woolworths.com.au/shop/productdetails/215509/powerade-flo-cap-ion-4-kiwi-pineapple-bottle,https://www.woolworths.com.au/content/promotiontags/roundel-special-200x200.png,https://assets.woolworths.com.au/images/1005/215509.jpg?impolicy=wowsmkqiema&w=260&h=260,$2.40,$4.00,$4.00 / 1L, Add to cart , Save to list 
Minor Figures Minor Figures Barista Oat Uht Milk 1l,https://www.woolworths.com.au/shop/productdetails/153170/minor-figures-barista-oat-uht-milk,,https://assets.woolworths.com.au/images/1005/153170.jpg?impolicy=wowsmkqiema&w=260&h=260,$4.80,,$4.80 / 1L, Add to cart , Save to list 
Woolworths Lemon Lime & Bitters 1.25l,https://www.woolworths.com.au/shop/productdetails/756044/woolworths-lemon-lime-bitters,,https://assets.woolworths.com.au/images/1005/756044.jpg?impolicy=wowsmkqiema&w=260&h=260,$1.10,,$0.88 / 1L, Add to cart , Save to list 
Vittoria Chocochino Dark Drinking Chocolate 375g,https://www.woolworths.com.au/shop/productdetails/305908/vittoria-chocochino-dark-drinking-chocolate,,https://assets.woolworths.com.au/images/1005/305908.jpg?impolicy=wowsmkqiema&w=260&h=260,,,,, Save to list 
Nerada Organic Peppermint Tea Bags 40 Pack 60g,https://www.woolworths.com.au/shop/productdetails/262170/nerada-organic-peppermint-tea-bags,https://www.woolworths.com.au/content/promotiontags/roundel-special-200x200.png,https://assets.woolworths.com.au/images/1005/262170.jpg?impolicy=wowsmkqiema&w=260&h=260,$4.60,$5.80,$0.12 / 1EA, Add to cart , Save to list 
Nudie Kids Tetra Orange 200ml,https://www.woolworths.com.au/shop/productdetails/22935/nudie-kids-tetra-orange,,https://assets.woolworths.com.au/images/1005/22935.jpg?impolicy=wowsmkqiema&w=260&h=260,,,,, Save to list 
Coca-cola No Sugar Caffeine Free Bottle 1.25l,https://www.woolworths.com.au/shop/productdetails/137848/coca-cola-no-sugar-caffeine-free-bottle,https://www.woolworths.com.au/content/promotiontags/roundel-special-200x200.png,https://assets.woolworths.com.au/images/1005/137848.jpg?impolicy=wowsmkqiema&w=260&h=260,$2.10,$3.55,$1.68 / 1L, Add to cart , Save to list 
Golden Circle Apple Blackcurrant Poppers Fruit Drink Multipack Lunchbox 250ml X6 Pack,https://www.woolworths.com.au/shop/productdetails/663675/golden-circle-apple-blackcurrant-poppers-fruit-drink-multipack-lunchbox,,https://assets.woolworths.com.au/images/1005/663675.jpg?impolicy=wowsmkqiema&w=260&h=260,$5.10,,$3.40 / 1L, Add to cart , Save to list 
Twinings Green Tea & Lemon Tea Bags 50 Pack,https://www.woolworths.com.au/shop/productdetails/250055/twinings-green-tea-lemon-tea-bags-tea-bags,,https://assets.woolworths.com.au/images/1005/250055.jpg?impolicy=wowsmkqiema&w=260&h=260,$7.50,,$0.15 / 1EA, Add to cart , Save to list 
Schweppes Lemonade Cans 200ml X6 Pack,https://www.woolworths.com.au/shop/productdetails/782307/schweppes-lemonade-cans,https://www.woolworths.com.au/content/promotiontags/roundel-special-200x200.png,https://assets.woolworths.com.au/images/1005/782307.jpg?impolicy=wowsmkqiema&w=260&h=260,$6.00,$7.50,$5.00 / 1L, Add to cart , Save to list 
Vittoria Decaffeinated Ground Coffee Espresso 200g,https://www.woolworths.com.au/shop/productdetails/16485/vittoria-decaffeinated-ground-coffee-espresso,,https://assets.woolworths.com.au/images/1005/16485.jpg?impolicy=wowsmkqiema&w=260&h=260,$12.00,,$6.00 / 100G, Add to cart , Save to list 
Woolworths Multivitamin Juice 2l,https://www.woolworths.com.au/shop/productdetails/55070/woolworths-multivitamin-juice,,https://assets.woolworths.com.au/images/1005/55070.jpg?impolicy=wowsmkqiema&w=260&h=260,$2.80,,$1.40 / 1L, Add to cart , Save to list 
Australia's Own A2 Protein Full Cream Uht Milk 1l,https://www.woolworths.com.au/shop/productdetails/109483/australia-s-own-a2-protein-full-cream-uht-milk,,https://assets.woolworths.com.au/images/1005/109483.jpg?impolicy=wowsmkqiema&w=260&h=260,$2.50,,$2.50 / 1L, Add to cart , Save to list 
Vittoria Coffee Beans Special Italian Blend 1kg,https://www.woolworths.com.au/shop/productdetails/78476/vittoria-coffee-beans-special-italian-blend,https://www.woolworths.com.au/content/promotiontags/roundel-special-200x200.png,https://assets.woolworths.com.au/images/1005/78476.jpg?impolicy=wowsmkqiema&w=260&h=260,$20.00,$24.00,$2.00 / 100G, Add to cart , Save to list 
Edenvale Non Alcoholic Wine Chardonnay 750ml,https://www.woolworths.com.au/shop/productdetails/308941/edenvale-non-alcoholic-wine-chardonnay,https://www.woolworths.com.au/content/promotiontags/roundel-special-200x200.png,https://assets.woolworths.com.au/images/1005/308941.jpg?impolicy=wowsmkqiema&w=260&h=260,$8.40,$10.50,$11.20 / 1L, Add to cart , Save to list 
Pure Harvest Organic Oat Creamy 1l,https://www.woolworths.com.au/shop/productdetails/203577/pure-harvest-organic-oat-creamy,,https://assets.woolworths.com.au/images/1005/203577.jpg?impolicy=wowsmkqiema&w=260&h=260,$3.00,,$3.00 / 1L, Add to cart , Save to list 
Higher Living Ginger Kick Tea Bags 15 Pack,https://www.woolworths.com.au/shop/productdetails/701112/higher-living-ginger-kick-tea-bags,,https://assets.woolworths.com.au/images/1005/701112.jpg?impolicy=wowsmkqiema&w=260&h=260,$4.40,,$0.29 / 1EA, Add to cart , Save to list 
Vitasoy Prebiotic Almond Milk 1l,https://www.woolworths.com.au/shop/productdetails/83287/vitasoy-prebiotic-almond-milk,,https://assets.woolworths.com.au/images/1005/83287.jpg?impolicy=wowsmkqiema&w=260&h=260,,,,, Save to list 
Fever-tree Lime & Yuzu Soda 500ml,https://www.woolworths.com.au/shop/productdetails/184133/fever-tree-lime-yuzu-soda,,https://assets.woolworths.com.au/images/1005/184133.jpg?impolicy=wowsmkqiema&w=260&h=260,$4.50,,$9.00 / 1L, Add to cart , Save to list 
Dilmah Extra Strength Tea Bags 200 Pack,https://www.woolworths.com.au/shop/productdetails/250036/dilmah-extra-strength-tea-bags,https://www.woolworths.com.au/content/promotiontags/roundel-special-200x200.png,https://assets.woolworths.com.au/images/1005/250036.jpg?impolicy=wowsmkqiema&w=260&h=260,$8.75,$12.50,$0.04 / 1EA, Add to cart , Save to list 
Edenvale Non Alcoholic Wine Sparkling Cuvee 750ml,https://www.woolworths.com.au/shop/productdetails/308942/edenvale-non-alcoholic-wine-sparkling-cuvee,https://www.woolworths.com.au/content/promotiontags/roundel-special-200x200.png,https://assets.woolworths.com.au/images/1005/308942.jpg?impolicy=wowsmkqiema&w=260&h=260,$8.40,$10.50,$11.20 / 1L, Add to cart , Save to list 
Fever-tree Mediterranean Tonic Cans 150 Ml X8 Pack,https://www.woolworths.com.au/shop/productdetails/147333/fever-tree-mediterranean-tonic-cans,https://www.woolworths.com.au/content/promotiontags/roundel-special-200x200.png,https://assets.woolworths.com.au/images/1005/147333.jpg?impolicy=wowsmkqiema&w=260&h=260,$11.50,$12.50,$9.58 / 1L, Add to cart , Save to list 
La Ice Cola Bottle 2l,https://www.woolworths.com.au/shop/productdetails/842241/la-ice-cola-bottle-bottle,,https://assets.woolworths.com.au/images/1005/842241.jpg?impolicy=wowsmkqiema&w=260&h=260,$2.00,,$1.00 / 1L, Add to cart , Save to list 
V8 Protein Blend Smoothie Mixed Berry 1.25l,https://www.woolworths.com.au/shop/productdetails/218260/v8-protein-blend-smoothie-mixed-berry,,https://assets.woolworths.com.au/images/1005/218260.jpg?impolicy=wowsmkqiema&w=260&h=260,$6.00,,$4.80 / 1L, Add to cart , Save to list 
Perkii Mango Passionfruit Probiotic Drink 350ml,https://www.woolworths.com.au/shop/productdetails/685777/perkii-mango-passionfruit-probiotic-drink,,https://assets.woolworths.com.au/images/1005/685777.jpg?impolicy=wowsmkqiema&w=260&h=260,$4.40,,$12.57 / 1L, Add to cart , Save to list 
Higher Living Peppermint & Licorice Tea 15 Pack,https://www.woolworths.com.au/shop/productdetails/95185/higher-living-peppermint-licorice-tea,,https://assets.woolworths.com.au/images/1005/95185.jpg?impolicy=wowsmkqiema&w=260&h=260,$4.40,,$0.29 / 1EA, Add to cart , Save to list 
Nerada Organic Camomile Tea Bags 40 Pack,https://www.woolworths.com.au/shop/productdetails/262165/nerada-organic-camomile-tea-bags,https://www.woolworths.com.au/content/promotiontags/roundel-special-200x200.png,https://assets.woolworths.com.au/images/1005/262165.jpg?impolicy=wowsmkqiema&w=260&h=260,$4.60,$5.80,$0.12 / 1EA, Add to cart , Save to list 
﻿Original Juice Pulp Free Orange Juice 1.5l,https://www.woolworths.com.au/shop/productdetails/263094/original-juice-pulp-free-orange-juice,https://www.woolworths.com.au/content/promotiontags/roundel-special-200x200.png,https://assets.woolworths.com.au/images/1005/263094.jpg?impolicy=wowsmkqiema&w=260&h=260,$5.00,$6.00,$3.33 / 1L, Add to cart , Save to list 
Woolworths Chai Latte Sachets 10 Pack,https://www.woolworths.com.au/shop/productdetails/690852/woolworths-chai-latte-sachets,,https://assets.woolworths.com.au/images/1005/690852.jpg?impolicy=wowsmkqiema&w=260&h=260,$3.25,,$0.33 / 1EA, Add to cart , Save to list 
T2 Wakey Wakey Tea Bags 10 Pack,https://www.woolworths.com.au/shop/productdetails/159547/t2-wakey-wakey-tea-bags,,https://assets.woolworths.com.au/images/1005/159547.jpg?impolicy=wowsmkqiema&w=260&h=260,$7.00,,$0.70 / 1EA, Add to cart , Save to list 
Coca-cola No Sugar Caffeine Free Cans 375ml X10 Case,https://www.woolworths.com.au/shop/productdetails/140640/coca-cola-no-sugar-caffeine-free-cans,https://www.woolworths.com.au/content/promotiontags/roundel-special-200x200.png,https://assets.woolworths.com.au/images/1005/140640.jpg?impolicy=wowsmkqiema&w=260&h=260,$9.65,$16.10,$2.57 / 1L, Add to cart , Save to list 
Rockstar Energy Drink Original 500ml X4 Pack,https://www.woolworths.com.au/shop/productdetails/184264/rockstar-energy-drink-original,,https://assets.woolworths.com.au/images/1005/184264.jpg?impolicy=wowsmkqiema&w=260&h=260,$8.50,,$4.25 / 1L, Add to cart , Save to list 
V Energy Refresh Pineapple & Watermelon Zero Sugar Cans 250ml X4 Pack,https://www.woolworths.com.au/shop/productdetails/227590/v-energy-refresh-pineapple-watermelon-zero-sugar-cans,,https://assets.woolworths.com.au/images/1005/227590.jpg?impolicy=wowsmkqiema&w=260&h=260,$10.50,,$10.50 / 1L, Add to cart , Save to list 
Diet Rite Pine Lime No Sugar 1.25l,https://www.woolworths.com.au/shop/productdetails/178870/diet-rite-pine-lime-no-sugar,,https://assets.woolworths.com.au/images/1005/178870.jpg?impolicy=wowsmkqiema&w=260&h=260,$1.55,,$1.24 / 1L, Add to cart , Save to list 
Lipton Ice Tea Lemon 1.5l,https://www.woolworths.com.au/shop/productdetails/305223/lipton-ice-tea-lemon,https://www.woolworths.com.au/content/promotiontags/roundel-buy-more-save-more-200x200.png,https://assets.woolworths.com.au/images/1005/305223.jpg?impolicy=wowsmkqiema&w=260&h=260,$5.00,,$3.33 / 1L, Add to cart , Save to list 
Appletiser Sparkling Juice Apple 750ml,https://www.woolworths.com.au/shop/productdetails/42231/appletiser-sparkling-juice-apple,,https://assets.woolworths.com.au/images/1005/42231.jpg?impolicy=wowsmkqiema&w=260&h=260,$4.35,,$5.80 / 1L, Add to cart , Save to list 
Nudie 100% Apple Juice 2l,https://www.woolworths.com.au/shop/productdetails/359119/nudie-100-apple-juice,,https://assets.woolworths.com.au/images/1005/359119.jpg?impolicy=wowsmkqiema&w=260&h=260,$8.00,,$4.00 / 1L, Add to cart , Save to list 
Dilmah Ceylon Tea Bags 50 Pack,https://www.woolworths.com.au/shop/productdetails/5306/dilmah-ceylon-tea-bags,,https://assets.woolworths.com.au/images/1005/5306.jpg?impolicy=wowsmkqiema&w=260&h=260,$3.90,,$0.08 / 1EA, Add to cart , Save to list 
Prima Apple Fruit Drink 6x200ml,https://www.woolworths.com.au/shop/productdetails/315747/prima-apple-fruit-drink,,https://assets.woolworths.com.au/images/1005/315747.jpg?impolicy=wowsmkqiema&w=260&h=260,$3.60,,$3.00 / 1L, Add to cart , Save to list 
Kirks Sugar Free Pasito Soft Cans 375ml X10 Pack,https://www.woolworths.com.au/shop/productdetails/178416/kirks-sugar-free-pasito-soft-cans-bottle,,https://assets.woolworths.com.au/images/1005/178416.jpg?impolicy=wowsmkqiema&w=260&h=260,$13.00,,$3.47 / 1L, Add to cart , Save to list 
Higher Living Licorice Tea Bags 15 Pack,https://www.woolworths.com.au/shop/productdetails/728206/higher-living-licorice-tea-bags,,https://assets.woolworths.com.au/images/1005/728206.jpg?impolicy=wowsmkqiema&w=260&h=260,$4.40,,$0.29 / 1EA, Add to cart , Save to list 
Maximus Mango Passionfruit Drink 1l,https://www.woolworths.com.au/shop/productdetails/61649/maximus-mango-passionfruit-drink,,https://assets.woolworths.com.au/images/1005/61649.jpg?impolicy=wowsmkqiema&w=260&h=260,,,,, Save to list 
Diet Rite Cordial Apple Raspberry 1l,https://www.woolworths.com.au/shop/productdetails/574763/diet-rite-cordial-apple-raspberry,,https://assets.woolworths.com.au/images/1005/574763.jpg?impolicy=wowsmkqiema&w=260&h=260,$3.50,,$3.50 / 1L, Add to cart , Save to list 
Lipton No Sugar Peach Flavour Iced Tea 1.5l,https://www.woolworths.com.au/shop/productdetails/221667/lipton-no-sugar-peach-flavour-iced-tea,https://www.woolworths.com.au/content/promotiontags/roundel-buy-more-save-more-200x200.png,https://assets.woolworths.com.au/images/1005/221667.jpg?impolicy=wowsmkqiema&w=260&h=260,$5.00,,$3.33 / 1L, Add to cart , Save to list 
Nestle Coffee Mate Coffee Flavouring Whitener 400g,https://www.woolworths.com.au/shop/productdetails/212816/nestle-coffee-mate-coffee-flavouring-whitener,,https://assets.woolworths.com.au/images/1005/212816.jpg?impolicy=wowsmkqiema&w=260&h=260,$4.50,,$1.13 / 100G, Add to cart , Save to list 
Twinings Ceylon Orange Pekoe Tea Bags 50 Pack,https://www.woolworths.com.au/shop/productdetails/257225/twinings-ceylon-orange-pekoe-tea-bags-tea-bags,,https://assets.woolworths.com.au/images/1005/257225.jpg?impolicy=wowsmkqiema&w=260&h=260,$7.50,,$0.15 / 1EA, Add to cart , Save to list 
Gatorade No Sugar Lemon Lime 600ml,https://www.woolworths.com.au/shop/productdetails/223815/gatorade-no-sugar-lemon-lime,,https://assets.woolworths.com.au/images/1005/223815.jpg?impolicy=wowsmkqiema&w=260&h=260,,,,, Save to list 
Schweppes Lime Juice Cordial 750ml,https://www.woolworths.com.au/shop/productdetails/38435/schweppes-lime-juice-cordial,,https://assets.woolworths.com.au/images/1005/38435.jpg?impolicy=wowsmkqiema&w=260&h=260,$4.50,,$6.00 / 1L, Add to cart , Save to list 
Golden Circle Fruit Cup Cordial Pineapple Drink Cordials 2l,https://www.woolworths.com.au/shop/productdetails/40448/golden-circle-fruit-cup-cordial-pineapple-drink-cordials,,https://assets.woolworths.com.au/images/1005/40448.jpg?impolicy=wowsmkqiema&w=260&h=260,$5.00,,$2.50 / 1L, Add to cart , Save to list 
Coca-cola Classic Soft Drink Bottles 300ml X4 Pack,https://www.woolworths.com.au/shop/productdetails/822719/coca-cola-classic-soft-drink-bottles,https://www.woolworths.com.au/content/promotiontags/roundel-special-200x200.png,https://assets.woolworths.com.au/images/1005/822719.jpg?impolicy=wowsmkqiema&w=260&h=260,$5.65,$8.10,$4.71 / 1L, Add to cart , Save to list 
Madura English Breakfast Tea Bags 50 Pack 100g,https://www.woolworths.com.au/shop/productdetails/65702/madura-english-breakfast-tea-bags,,https://assets.woolworths.com.au/images/1005/65702.jpg?impolicy=wowsmkqiema&w=260&h=260,$5.45,,$0.11 / 1EA, Add to cart , Save to list 
Coca-cola Diet Soft Drink Cans 375ml X10 Pack,https://www.woolworths.com.au/shop/productdetails/793278/coca-cola-diet-soft-drink-cans,https://www.woolworths.com.au/content/promotiontags/roundel-special-200x200.png,https://assets.woolworths.com.au/images/1005/793278.jpg?impolicy=wowsmkqiema&w=260&h=260,$9.65,$16.10,$2.57 / 1L, Add to cart , Save to list 
Golden Circle Orange Juice No Added Sugar Fruit Juices Oj 2l,https://www.woolworths.com.au/shop/productdetails/67056/golden-circle-orange-juice-no-added-sugar-fruit-juices-oj,,https://assets.woolworths.com.au/images/1005/67056.jpg?impolicy=wowsmkqiema&w=260&h=260,$4.80,,$2.40 / 1L, Add to cart , Save to list 
Woolworths Freeze Dried Coffee Decaf 100g,https://www.woolworths.com.au/shop/productdetails/347035/woolworths-freeze-dried-coffee-decaf,,https://assets.woolworths.com.au/images/1005/347035.jpg?impolicy=wowsmkqiema&w=260&h=260,$4.00,,$4.00 / 100G, Add to cart , Save to list 
Vittoria Italian Ground 200g,https://www.woolworths.com.au/shop/productdetails/32179/vittoria-italian-ground,https://www.woolworths.com.au/content/promotiontags/roundel-special-200x200.png,https://assets.woolworths.com.au/images/1005/32179.jpg?impolicy=wowsmkqiema&w=260&h=260,$5.50,$7.00,$2.75 / 100G, Add to cart , Save to list 
Bundaberg Sparkling Passionfruit Drink 375ml X4 Pack,https://www.woolworths.com.au/shop/productdetails/886819/bundaberg-sparkling-passionfruit-drink,,https://assets.woolworths.com.au/images/1005/886819.jpg?impolicy=wowsmkqiema&w=260&h=260,$7.00,,$4.67 / 1L, Add to cart , Save to list 
Madura Premium Blend Tea 200g,https://www.woolworths.com.au/shop/productdetails/228520/madura-premium-blend-tea,,https://assets.woolworths.com.au/images/1005/228520.jpg?impolicy=wowsmkqiema&w=260&h=260,$6.60,,$3.30 / 100G, Add to cart , Save to list 
Remedy Organic Kombucha Mango Passion 750ml,https://www.woolworths.com.au/shop/productdetails/91082/remedy-organic-kombucha-mango-passion,,https://assets.woolworths.com.au/images/1005/91082.jpg?impolicy=wowsmkqiema&w=260&h=260,$7.50,,$10.00 / 1L, Add to cart , Save to list 
Daily Juice Orange Juice No Added Sugar 2l,https://www.woolworths.com.au/shop/productdetails/47123/daily-juice-orange-juice-no-added-sugar,,https://assets.woolworths.com.au/images/1005/47123.jpg?impolicy=wowsmkqiema&w=260&h=260,$5.00,,$2.50 / 1L, Add to cart , Save to list 
Cool Ridge Australian Spring Water 750ml,https://www.woolworths.com.au/shop/productdetails/546698/cool-ridge-australian-spring-water,,https://assets.woolworths.com.au/images/1005/546698.jpg?impolicy=wowsmkqiema&w=260&h=260,$2.90,,$3.87 / 1L, Add to cart , Save to list 
Red Bull Energy Drink Sugar Free 4x250ml,https://www.woolworths.com.au/shop/productdetails/226913/red-bull-energy-drink-sugar-free,https://www.woolworths.com.au/content/promotiontags/roundel-special-200x200.png,https://assets.woolworths.com.au/images/1005/226913.jpg?impolicy=wowsmkqiema&w=260&h=260,$7.20,$12.00,$7.20 / 1L, Add to cart , Save to list 
Coca-cola No Sugar Vanilla Soft Drink Bottle 1.25l,https://www.woolworths.com.au/shop/productdetails/803078/coca-cola-no-sugar-vanilla-soft-drink-bottle,https://www.woolworths.com.au/content/promotiontags/roundel-special-200x200.png,https://assets.woolworths.com.au/images/1005/803078.jpg?impolicy=wowsmkqiema&w=260&h=260,$2.10,$3.55,$1.68 / 1L, Add to cart , Save to list 
Mcguigan Alcohol Free Chardonnay 750ml,https://www.woolworths.com.au/shop/productdetails/96517/mcguigan-alcohol-free-chardonnay,,https://assets.woolworths.com.au/images/1005/96517.jpg?impolicy=wowsmkqiema&w=260&h=260,$12.50,,$16.67 / 1L, Add to cart , Save to list 
Vittoria Italian Nespresso Compatible Coffee Capsules Pack 10,https://www.woolworths.com.au/shop/productdetails/92150/vittoria-italian-nespresso-compatible-coffee-capsules,,https://assets.woolworths.com.au/images/1005/92150.jpg?impolicy=wowsmkqiema&w=260&h=260,$7.50,,$0.75 / 1EA, Add to cart , Save to list 
Golden Circle Fruit Drinks Apricot Nectar 1l,https://www.woolworths.com.au/shop/productdetails/786547/golden-circle-fruit-drinks-apricot-nectar,,https://assets.woolworths.com.au/images/1005/786547.jpg?impolicy=wowsmkqiema&w=260&h=260,$3.60,,$3.60 / 1L, Add to cart , Save to list 
Mcguigan Alcohol Free Rose 750ml,https://www.woolworths.com.au/shop/productdetails/88193/mcguigan-alcohol-free-rose,,https://assets.woolworths.com.au/images/1005/88193.jpg?impolicy=wowsmkqiema&w=260&h=260,$12.50,,$16.67 / 1L, Add to cart , Save to list 
Woolworths 100% Pure Coconut Water 1l,https://www.woolworths.com.au/shop/productdetails/546615/woolworths-100-pure-coconut-water,https://www.woolworths.com.au/content/promotiontags/final_only_at_woolworths_roundel_200x200.png,https://assets.woolworths.com.au/images/1005/546615.jpg?impolicy=wowsmkqiema&w=260&h=260,$3.20,,$3.20 / 1L, Add to cart , Save to list 
Vitafresh Sweet Navel Orange Drink 3 Pack,https://www.woolworths.com.au/shop/productdetails/830653/vitafresh-sweet-navel-orange-drink,,https://assets.woolworths.com.au/images/1005/830653.jpg?impolicy=wowsmkqiema&w=260&h=260,$2.20,,$1.47 / 100G, Add to cart , Save to list 
Just Juice Apple Juice 6x200ml,https://www.woolworths.com.au/shop/productdetails/315777/just-juice-apple-juice,,https://assets.woolworths.com.au/images/1005/315777.jpg?impolicy=wowsmkqiema&w=260&h=260,$5.00,,$4.17 / 1L, Add to cart , Save to list 
Macro Organic Rice Milk 1l,https://www.woolworths.com.au/shop/productdetails/701667/macro-organic-rice-milk,,https://assets.woolworths.com.au/images/1005/701667.jpg?impolicy=wowsmkqiema&w=260&h=260,$1.65,,$1.65 / 1L, Add to cart , Save to list 
Arkadia Chai Tea Spice 240g,https://www.woolworths.com.au/shop/productdetails/320238/arkadia-chai-tea-spice,,https://assets.woolworths.com.au/images/1005/320238.jpg?impolicy=wowsmkqiema&w=260&h=260,$7.00,,$2.92 / 100G, Add to cart , Save to list 
Sprite No Sugar Bottle 600ml,https://www.woolworths.com.au/shop/productdetails/864460/sprite-no-sugar-bottle,https://www.woolworths.com.au/content/promotiontags/chilled-roundel.png,https://assets.woolworths.com.au/images/1005/864460.jpg?impolicy=wowsmkqiema&w=260&h=260,$4.05,,$6.75 / 1L, Add to cart , Save to list 
Impressed Pressed Juice Orange Pulp Free 1l,https://www.woolworths.com.au/shop/productdetails/65347/impressed-pressed-juice-orange-pulp-free,,https://assets.woolworths.com.au/images/1005/65347.jpg?impolicy=wowsmkqiema&w=260&h=260,$4.00,,$4.00 / 1L, Add to cart , Save to list 
Remedy Organic Kombucha Apple Crisp 750ml,https://www.woolworths.com.au/shop/productdetails/662349/remedy-organic-kombucha-apple-crisp,,https://assets.woolworths.com.au/images/1005/662349.jpg?impolicy=wowsmkqiema&w=260&h=260,$7.50,,$10.00 / 1L, Add to cart , Save to list 
Kirks Ginger Beer Soft Drink Bottle 1.25l,https://www.woolworths.com.au/shop/productdetails/52547/kirks-ginger-beer-soft-drink-bottle,,https://assets.woolworths.com.au/images/1005/52547.jpg?impolicy=wowsmkqiema&w=260&h=260,$2.50,,$2.00 / 1L, Add to cart , Save to list 
Solo Lemon Zero Sugar 600ml,https://www.woolworths.com.au/shop/productdetails/36171/solo-lemon-zero-sugar,,https://assets.woolworths.com.au/images/1005/36171.jpg?impolicy=wowsmkqiema&w=260&h=260,,,,, Save to list 
Woolworths Orange Mango Drink 2l,https://www.woolworths.com.au/shop/productdetails/852409/woolworths-orange-mango-drink,,https://assets.woolworths.com.au/images/1005/852409.jpg?impolicy=wowsmkqiema&w=260&h=260,$1.95,,$0.98 / 1L, Add to cart , Save to list 
Powerade Active Water Lemon Sports Drink Sipper Cap 600ml,https://www.woolworths.com.au/shop/productdetails/51570/powerade-active-water-lemon-sports-drink-sipper-cap,https://www.woolworths.com.au/content/promotiontags/roundel-special-200x200.png,https://assets.woolworths.com.au/images/1005/51570.jpg?impolicy=wowsmkqiema&w=260&h=260,$2.40,$4.00,$4.00 / 1L, Add to cart , Save to list 
V8 Power Blend Juice Immunity Boost 1.25l,https://www.woolworths.com.au/shop/productdetails/219226/v8-power-blend-juice-immunity-boost,,https://assets.woolworths.com.au/images/1005/219226.jpg?impolicy=wowsmkqiema&w=260&h=260,$6.00,,$4.80 / 1L, Add to cart , Save to list 
Golden Circle Tropical Juice No Added Sugar Pineapple Fruit Juices 2l,https://www.woolworths.com.au/shop/productdetails/67058/golden-circle-tropical-juice-no-added-sugar-pineapple-fruit-juices,,https://assets.woolworths.com.au/images/1005/67058.jpg?impolicy=wowsmkqiema&w=260&h=260,$4.80,,$2.40 / 1L, Add to cart , Save to list 
Nescafe Blend 43 Instant Coffee Jar 150g,https://www.woolworths.com.au/shop/productdetails/33835/nescafe-blend-43-instant-coffee-jar,,https://assets.woolworths.com.au/images/1005/33835.jpg?impolicy=wowsmkqiema&w=260&h=260,$11.50,,$7.67 / 100G, Add to cart , Save to list 
Diet Rite Cordial Lime 1l,https://www.woolworths.com.au/shop/productdetails/574781/diet-rite-cordial-lime,,https://assets.woolworths.com.au/images/1005/574781.jpg?impolicy=wowsmkqiema&w=260&h=260,$3.50,,$3.50 / 1L, Add to cart , Save to list 
Nerada Organic Chai Tea 50 Pack 93g,https://www.woolworths.com.au/shop/productdetails/262167/nerada-organic-chai-tea,,https://assets.woolworths.com.au/images/1005/262167.jpg?impolicy=wowsmkqiema&w=260&h=260,$5.10,,$0.10 / 1EA, Add to cart , Save to list 
Prima Orange Fruit Drink 6x200ml,https://www.woolworths.com.au/shop/productdetails/315761/prima-orange-fruit-drink,,https://assets.woolworths.com.au/images/1005/315761.jpg?impolicy=wowsmkqiema&w=260&h=260,$3.60,,$3.00 / 1L, Add to cart , Save to list 
Coca-cola Vanilla Soft Drink Bottle 1.25l,https://www.woolworths.com.au/shop/productdetails/180941/coca-cola-vanilla-soft-drink-bottle,https://www.woolworths.com.au/content/promotiontags/roundel-special-200x200.png,https://assets.woolworths.com.au/images/1005/180941.jpg?impolicy=wowsmkqiema&w=260&h=260,$2.10,$3.55,$1.68 / 1L, Add to cart , Save to list 
Coca-cola Vanilla Soft Drink Multipack Cans 375ml X10 Pack,https://www.woolworths.com.au/shop/productdetails/676160/coca-cola-vanilla-soft-drink-multipack-cans,https://www.woolworths.com.au/content/promotiontags/roundel-special-200x200.png,https://assets.woolworths.com.au/images/1005/676160.jpg?impolicy=wowsmkqiema&w=260&h=260,$9.65,$16.10,$2.57 / 1L, Add to cart , Save to list 
Pepsi Bottle 2l,https://www.woolworths.com.au/shop/productdetails/38433/pepsi-bottle,,https://assets.woolworths.com.au/images/1005/38433.jpg?impolicy=wowsmkqiema&w=260&h=260,,,,, Save to list 
Remedy Raspberry Lemonade Kombucha 4 Pack,https://www.woolworths.com.au/shop/productdetails/807893/remedy-raspberry-lemonade-kombucha,https://www.woolworths.com.au/content/promotiontags/roundel-special-200x200.png,https://assets.woolworths.com.au/images/1005/807893.jpg?impolicy=wowsmkqiema&w=260&h=260,$6.00,$8.75,$6.00 / 1L, Add to cart , Save to list 
Schweppes Pink Lemonade Zero Sugar Bottles 4 Pack,https://www.woolworths.com.au/shop/productdetails/230839/schweppes-pink-lemonade-zero-sugar-bottles,,https://assets.woolworths.com.au/images/1005/230839.jpg?impolicy=wowsmkqiema&w=260&h=260,,,,, Save to list 
Pepsi Max Vanilla Bottle 1.25l,https://www.woolworths.com.au/shop/productdetails/580911/pepsi-max-vanilla-bottle,,https://assets.woolworths.com.au/images/1005/580911.jpg?impolicy=wowsmkqiema&w=260&h=260,,,,, Save to list 
Nestle Carnation Creamy Evaporated Milk 340ml,https://www.woolworths.com.au/shop/productdetails/150443/nestle-carnation-creamy-evaporated-milk,,https://assets.woolworths.com.au/images/1005/150443.jpg?impolicy=wowsmkqiema&w=260&h=260,$3.00,,$8.82 / 1L, Add to cart , Save to list 
"Nudie Probiotic Smoothie Strawberry, Raspberry, Pear, Orange Banana 400ml",https://www.woolworths.com.au/shop/productdetails/231291/nudie-probiotic-smoothie-strawberry-raspberry-pear-orange-banana,,https://assets.woolworths.com.au/images/1005/231291.jpg?impolicy=wowsmkqiema&w=260&h=260,$4.50,,$11.25 / 1L, Add to cart , Save to list 
Mildura Orange & Mango Fruit Drink 3l,https://www.woolworths.com.au/shop/productdetails/739869/mildura-orange-mango-fruit-drink,,https://assets.woolworths.com.au/images/1005/739869.jpg?impolicy=wowsmkqiema&w=260&h=260,$5.00,,$1.67 / 1L, Add to cart , Save to list 
Remedy Organic Kombucha Ginger Lemon 750ml,https://www.woolworths.com.au/shop/productdetails/662367/remedy-organic-kombucha-ginger-lemon,,https://assets.woolworths.com.au/images/1005/662367.jpg?impolicy=wowsmkqiema&w=260&h=260,$7.50,,$10.00 / 1L, Add to cart , Save to list 
Remedy Passionfruit Kombucha 250ml X4 Pack,https://www.woolworths.com.au/shop/productdetails/121312/remedy-passionfruit-kombucha,https://www.woolworths.com.au/content/promotiontags/roundel-special-200x200.png,https://assets.woolworths.com.au/images/1005/121312.jpg?impolicy=wowsmkqiema&w=260&h=260,$6.00,$8.75,$6.00 / 1L, Add to cart , Save to list 
Maximus Sports Drink Grape Flavour 1l,https://www.woolworths.com.au/shop/productdetails/704003/maximus-sports-drink-grape-flavour,,https://assets.woolworths.com.au/images/1005/704003.jpg?impolicy=wowsmkqiema&w=260&h=260,$2.65,,$2.65 / 1L, Add to cart , Save to list 
Devondale Sparkling Apple Juice 750ml,https://www.woolworths.com.au/shop/productdetails/187735/devondale-sparkling-apple-juice,,https://assets.woolworths.com.au/images/1005/187735.jpg?impolicy=wowsmkqiema&w=260&h=260,$3.35,,$4.47 / 1L, Add to cart , Save to list 
Maximus Blue Bring It On 1l,https://www.woolworths.com.au/shop/productdetails/770266/maximus-blue-bring-it-on,,https://assets.woolworths.com.au/images/1005/770266.jpg?impolicy=wowsmkqiema&w=260&h=260,$2.65,,$2.65 / 1L, Add to cart , Save to list 
Bushells Blue Label Loose Leaf Tea 250g,https://www.woolworths.com.au/shop/productdetails/33804/bushells-blue-label-loose-leaf-tea,,https://assets.woolworths.com.au/images/1005/33804.jpg?impolicy=wowsmkqiema&w=260&h=260,$3.30,,$1.32 / 100G, Add to cart , Save to list 
Bonsoy Almond Milk 1l,https://www.woolworths.com.au/shop/productdetails/85169/bonsoy-almond-milk,,https://assets.woolworths.com.au/images/1005/85169.jpg?impolicy=wowsmkqiema&w=260&h=260,$4.80,,$4.80 / 1L, Add to cart , Save to list 
Kirks Creaming Soda Soft Drink Multipack Cans 375ml X10 Pack,https://www.woolworths.com.au/shop/productdetails/317387/kirks-creaming-soda-soft-drink-multipack-cans,,https://assets.woolworths.com.au/images/1005/317387.jpg?impolicy=wowsmkqiema&w=260&h=260,$13.00,,$3.47 / 1L, Add to cart , Save to list 
Remedy Lemon Ginger Kombucha 4 Pack,https://www.woolworths.com.au/shop/productdetails/807892/remedy-lemon-ginger-kombucha,https://www.woolworths.com.au/content/promotiontags/roundel-special-200x200.png,https://assets.woolworths.com.au/images/1005/807892.jpg?impolicy=wowsmkqiema&w=260&h=260,$6.00,$8.75,$6.00 / 1L, Add to cart , Save to list 
Bundaberg Ginger Beer Mini Can 200ml X6 Pack,https://www.woolworths.com.au/shop/productdetails/53114/bundaberg-ginger-beer-mini-can,,https://assets.woolworths.com.au/images/1005/53114.jpg?impolicy=wowsmkqiema&w=260&h=260,$7.40,,$6.17 / 1L, Add to cart , Save to list 
Minor Figures Minor Figures Barista Oat Uht Organic Milk 1l,https://www.woolworths.com.au/shop/productdetails/155063/minor-figures-barista-oat-uht-organic-milk,,https://assets.woolworths.com.au/images/1005/155063.jpg?impolicy=wowsmkqiema&w=260&h=260,$4.90,,$4.90 / 1L, Add to cart , Save to list 
Vittoria Latte Nespresso Compatible Coffee Capsules 20 Pack,https://www.woolworths.com.au/shop/productdetails/116684/vittoria-latte-nespresso-compatible-coffee-capsules,,https://assets.woolworths.com.au/images/1005/116684.jpg?impolicy=wowsmkqiema&w=260&h=260,$13.00,,$0.65 / 1EA, Add to cart , Save to list 
Australia's Own Barista Macadamia Milk 1l,https://www.woolworths.com.au/shop/productdetails/106509/australia-s-own-barista-macadamia-milk,,https://assets.woolworths.com.au/images/1005/106509.jpg?impolicy=wowsmkqiema&w=260&h=260,$4.50,,$4.50 / 1L, Add to cart , Save to list 
Remedy Organic Kombucha Wild Berry 250ml X4 Pack,https://www.woolworths.com.au/shop/productdetails/151286/remedy-organic-kombucha-wild-berry,https://www.woolworths.com.au/content/promotiontags/roundel-special-200x200.png,https://assets.woolworths.com.au/images/1005/151286.jpg?impolicy=wowsmkqiema&w=260&h=260,$6.00,$8.75,$6.00 / 1L, Add to cart , Save to list 
Kirks Sugar Free Lemon Squash Soft Drink Multipack Cans 375ml X10 Pack,https://www.woolworths.com.au/shop/productdetails/317388/kirks-sugar-free-lemon-squash-soft-drink-multipack-cans,,https://assets.woolworths.com.au/images/1005/317388.jpg?impolicy=wowsmkqiema&w=260&h=260,$13.00,,$3.47 / 1L, Add to cart , Save to list 
Nudie Probiotic Smoothie Mango Pear Passionfruit Orange Banana 400ml,https://www.woolworths.com.au/shop/productdetails/231289/nudie-probiotic-smoothie-mango-pear-passionfruit-orange-banana,,https://assets.woolworths.com.au/images/1005/231289.jpg?impolicy=wowsmkqiema&w=260&h=260,$4.50,,$11.25 / 1L, Add to cart , Save to list 
Golden Circle Cordials Raspberry Cordial 2l,https://www.woolworths.com.au/shop/productdetails/43476/golden-circle-cordials-raspberry-cordial,,https://assets.woolworths.com.au/images/1005/43476.jpg?impolicy=wowsmkqiema&w=260&h=260,$5.00,,$2.50 / 1L, Add to cart , Save to list 
Golden Circle Pineapple Juice Sweetened Fruit Juice Pineapples 1l,https://www.woolworths.com.au/shop/productdetails/32748/golden-circle-pineapple-juice-sweetened-fruit-juice-pineapples,,https://assets.woolworths.com.au/images/1005/32748.jpg?impolicy=wowsmkqiema&w=260&h=260,$2.70,,$2.70 / 1L, Add to cart , Save to list 
Madura Black Leaf Tea Organic 150g,https://www.woolworths.com.au/shop/productdetails/427884/madura-black-leaf-tea-organic,,https://assets.woolworths.com.au/images/1005/427884.jpg?impolicy=wowsmkqiema&w=260&h=260,$7.10,,$4.73 / 100G, Add to cart , Save to list 
Vittoria Espressotoria Oro Coffee Capsules 12 Pack,https://www.woolworths.com.au/shop/productdetails/829320/vittoria-espressotoria-oro-coffee-capsules,https://www.woolworths.com.au/content/promotiontags/roundel-special-200x200.png,https://assets.woolworths.com.au/images/1005/829320.jpg?impolicy=wowsmkqiema&w=260&h=260,$7.00,$10.00,$0.58 / 1EA, Add to cart , Save to list 
L'or Espresso Ristretto Coffee Capsules 40 Pack,https://www.woolworths.com.au/shop/productdetails/6232/l-or-espresso-ristretto-coffee-capsules,,https://assets.woolworths.com.au/images/1005/6232.jpg?impolicy=wowsmkqiema&w=260&h=260,$22.00,,$0.55 / 1EA, Add to cart , Save to list 
Bickford's Lemon Cordial 750ml,https://www.woolworths.com.au/shop/productdetails/193645/bickford-s-lemon-cordial,,https://assets.woolworths.com.au/images/1005/193645.jpg?impolicy=wowsmkqiema&w=260&h=260,$4.50,,$6.00 / 1L, Add to cart , Save to list 
Golden Circle Cordials Lime Cordial 2l,https://www.woolworths.com.au/shop/productdetails/43474/golden-circle-cordials-lime-cordial,,https://assets.woolworths.com.au/images/1005/43474.jpg?impolicy=wowsmkqiema&w=260&h=260,$5.00,,$2.50 / 1L, Add to cart , Save to list 
Maximus Sports Drink Red 1l,https://www.woolworths.com.au/shop/productdetails/770293/maximus-sports-drink-red,,https://assets.woolworths.com.au/images/1005/770293.jpg?impolicy=wowsmkqiema&w=260&h=260,$2.65,,$2.65 / 1L, Add to cart , Save to list 
Mountain Dew No Sugar Bottle 1.25l,https://www.woolworths.com.au/shop/productdetails/69142/mountain-dew-no-sugar-bottle,,https://assets.woolworths.com.au/images/1005/69142.jpg?impolicy=wowsmkqiema&w=260&h=260,$2.70,,$2.16 / 1L, Add to cart , Save to list 
Nescafe Coffee Sachets Cappuccino 10 Pack,https://www.woolworths.com.au/shop/productdetails/195108/nescafe-coffee-sachets-cappuccino-cappuccino,https://www.woolworths.com.au/content/promotiontags/roundel-half-price-200x200.png,https://assets.woolworths.com.au/images/1005/195108.jpg?impolicy=wowsmkqiema&w=260&h=260,$3.80,$7.60,$0.38 / 1EA, Add to cart , Save to list 
Vittoria Ground Coffee Italian Blend 1kg,https://www.woolworths.com.au/shop/productdetails/2108/vittoria-ground-coffee-italian-blend,https://www.woolworths.com.au/content/promotiontags/roundel-special-200x200.png,https://assets.woolworths.com.au/images/1005/2108.jpg?impolicy=wowsmkqiema&w=260&h=260,$20.00,$24.00,$2.00 / 100G, Add to cart , Save to list 
"Nudie Antioxidant Carrot, Tumeric, Orange, Apple & Lime 1l",https://www.woolworths.com.au/shop/productdetails/190802/nudie-antioxidant-carrot-tumeric-orange-apple-lime,,https://assets.woolworths.com.au/images/1005/190802.jpg?impolicy=wowsmkqiema&w=260&h=260,$6.00,,$6.00 / 1L, Add to cart , Save to list 
Pop Tops Apple Fruit Drink 250ml X 6 Pack,https://www.woolworths.com.au/shop/productdetails/229607/pop-tops-apple-fruit-drink,,https://assets.woolworths.com.au/images/1005/229607.jpg?impolicy=wowsmkqiema&w=260&h=260,$5.90,,$3.93 / 1L, Add to cart , Save to list 
Dilmah Tea Bags 300 Pack,https://www.woolworths.com.au/shop/productdetails/254408/dilmah-tea-bags,,https://assets.woolworths.com.au/images/1005/254408.jpg?impolicy=wowsmkqiema&w=260&h=260,$14.50,,$0.05 / 1EA, Add to cart , Save to list 
Vittoria Espressotoria Latte Coffee Capsules 12 Pack,https://www.woolworths.com.au/shop/productdetails/115082/vittoria-espressotoria-latte-coffee-capsules,https://www.woolworths.com.au/content/promotiontags/roundel-special-200x200.png,https://assets.woolworths.com.au/images/1005/115082.jpg?impolicy=wowsmkqiema&w=260&h=260,$7.00,$10.00,$0.58 / 1EA, Add to cart , Save to list 
Schweppes Cordial Raspberry 750ml,https://www.woolworths.com.au/shop/productdetails/76286/schweppes-cordial-raspberry,,https://assets.woolworths.com.au/images/1005/76286.jpg?impolicy=wowsmkqiema&w=260&h=260,$4.50,,$6.00 / 1L, Add to cart , Save to list 
Remedy Kombucha Wild Berry 750ml,https://www.woolworths.com.au/shop/productdetails/124742/remedy-kombucha-wild-berry,,https://assets.woolworths.com.au/images/1005/124742.jpg?impolicy=wowsmkqiema&w=260&h=260,$7.50,,$10.00 / 1L, Add to cart , Save to list 
Vittoria Freeze Dried Instant Coffee Mountain Grown 100g,https://www.woolworths.com.au/shop/productdetails/159932/vittoria-freeze-dried-instant-coffee-mountain-grown,https://www.woolworths.com.au/content/promotiontags/roundel-special-200x200.png,https://assets.woolworths.com.au/images/1005/159932.jpg?impolicy=wowsmkqiema&w=260&h=260,$7.50,$12.50,$7.50 / 100G, Add to cart , Save to list 
Bickford's Lime Cordial 750ml,https://www.woolworths.com.au/shop/productdetails/36298/bickford-s-lime-cordial,,https://assets.woolworths.com.au/images/1005/36298.jpg?impolicy=wowsmkqiema&w=260&h=260,$4.50,,$6.00 / 1L, Add to cart , Save to list 
Pepsi Max Bottles 450ml X12 Pack,https://www.woolworths.com.au/shop/productdetails/230840/pepsi-max-bottles,,https://assets.woolworths.com.au/images/1005/230840.jpg?impolicy=wowsmkqiema&w=260&h=260,,,,, Save to list 
Campos Superior Coffee Beans 1kg,https://www.woolworths.com.au/shop/productdetails/94138/campos-superior-coffee-beans,,https://assets.woolworths.com.au/images/1005/94138.jpg?impolicy=wowsmkqiema&w=260&h=260,$49.50,,$4.95 / 100G, Add to cart , Save to list 
V Energy Refresh Citrus Lemonade Sugar Free Cans 250ml X4 Pack,https://www.woolworths.com.au/shop/productdetails/228073/v-energy-refresh-citrus-lemonade-sugar-free-cans,,https://assets.woolworths.com.au/images/1005/228073.jpg?impolicy=wowsmkqiema&w=260&h=260,$10.50,,$10.50 / 1L, Add to cart , Save to list 
Golden Circle Golden Pash Fruit Drink 1l,https://www.woolworths.com.au/shop/productdetails/7556/golden-circle-golden-pash-fruit-drink,,https://assets.woolworths.com.au/images/1005/7556.jpg?impolicy=wowsmkqiema&w=260&h=260,$2.70,,$2.70 / 1L, Add to cart , Save to list 
V Energy Sugarfree Blue Guarana Energy Drink 250mlx 4pack,https://www.woolworths.com.au/shop/productdetails/174412/v-energy-sugarfree-blue-guarana-energy-drink,,https://assets.woolworths.com.au/images/1005/174412.jpg?impolicy=wowsmkqiema&w=260&h=260,$10.50,,$10.50 / 1L, Add to cart , Save to list 
Vittoria Italian Nespresso Compatible Coffee Capsules Pack 20,https://www.woolworths.com.au/shop/productdetails/92859/vittoria-italian-nespresso-compatible-coffee-capsules,,https://assets.woolworths.com.au/images/1005/92859.jpg?impolicy=wowsmkqiema&w=260&h=260,$13.00,,$0.65 / 1EA, Add to cart , Save to list 
Daily Juice Pulp Free Orange Juice No Added Sugar 3l,https://www.woolworths.com.au/shop/productdetails/139463/daily-juice-pulp-free-orange-juice-no-added-sugar,,https://assets.woolworths.com.au/images/1005/139463.jpg?impolicy=wowsmkqiema&w=260&h=260,$7.00,,$2.33 / 1L, Add to cart , Save to list 
Golden Circle Apple Juice No Added Sugar Fruit Juice 2l,https://www.woolworths.com.au/shop/productdetails/67060/golden-circle-apple-juice-no-added-sugar-fruit-juice,,https://assets.woolworths.com.au/images/1005/67060.jpg?impolicy=wowsmkqiema&w=260&h=260,$4.80,,$2.40 / 1L, Add to cart , Save to list 
Cococoast Natural Coconut Water Strawberry 500ml,https://www.woolworths.com.au/shop/productdetails/839520/cococoast-natural-coconut-water-strawberry,,https://assets.woolworths.com.au/images/1005/839520.jpg?impolicy=wowsmkqiema&w=260&h=260,,,,, Save to list 
Bae Juice 100% Korean Pear Juice 120ml,https://www.woolworths.com.au/shop/productdetails/102336/bae-juice-100-korean-pear-juice,,https://assets.woolworths.com.au/images/1005/102336.jpg?impolicy=wowsmkqiema&w=260&h=260,$4.00,,$33.33 / 1L, Add to cart , Save to list 
Bundaberg Sparkling Guava Sparkling Drink 375ml X4 Pack,https://www.woolworths.com.au/shop/productdetails/886812/bundaberg-sparkling-guava-sparkling-drink,,https://assets.woolworths.com.au/images/1005/886812.jpg?impolicy=wowsmkqiema&w=260&h=260,$7.00,,$4.67 / 1L, Add to cart , Save to list 
Nescafe Coffee Sachets Vanilla Latte 10 Pack,https://www.woolworths.com.au/shop/productdetails/226906/nescafe-coffee-sachets-vanilla-latte-latte-vanilla,https://www.woolworths.com.au/content/promotiontags/roundel-half-price-200x200.png,https://assets.woolworths.com.au/images/1005/226906.jpg?impolicy=wowsmkqiema&w=260&h=260,$3.80,$7.60,$0.38 / 1EA, Add to cart , Save to list 
Golden Circle Cordials Sarsaparilla Cordial 2l,https://www.woolworths.com.au/shop/productdetails/72377/golden-circle-cordials-sarsaparilla-cordial,,https://assets.woolworths.com.au/images/1005/72377.jpg?impolicy=wowsmkqiema&w=260&h=260,$5.00,,$2.50 / 1L, Add to cart , Save to list 
Mildura Orange & Passionfruit Fruit Drink 3l,https://www.woolworths.com.au/shop/productdetails/739660/mildura-orange-passionfruit-fruit-drink,,https://assets.woolworths.com.au/images/1005/739660.jpg?impolicy=wowsmkqiema&w=260&h=260,$5.00,,$1.67 / 1L, Add to cart , Save to list 
Bundaberg Diet Ginger Beer 375ml X10 Pack,https://www.woolworths.com.au/shop/productdetails/886838/bundaberg-diet-ginger-beer,,https://assets.woolworths.com.au/images/1005/886838.jpg?impolicy=wowsmkqiema&w=260&h=260,$13.50,,$3.60 / 1L, Add to cart , Save to list 
Golden Circle Apple Juice No Added Sugar Popper Lunchbox Fruit Juices 200ml X6 Pack,https://www.woolworths.com.au/shop/productdetails/477416/golden-circle-apple-juice-no-added-sugar-popper-lunchbox-fruit-juices,,https://assets.woolworths.com.au/images/1005/477416.jpg?impolicy=wowsmkqiema&w=260&h=260,$6.50,,$5.42 / 1L, Add to cart , Save to list 
Gatorade No Sugar Orange 600ml,https://www.woolworths.com.au/shop/productdetails/152303/gatorade-no-sugar-orange,https://www.woolworths.com.au/content/promotiontags/roundel-special-200x200.png,https://assets.woolworths.com.au/images/1005/152303.jpg?impolicy=wowsmkqiema&w=260&h=260,$2.35,$4.00,$3.92 / 1L, Add to cart , Save to list 
Golden Circle Orange Juice No Added Sugar Fruit Juices Oj 3l,https://www.woolworths.com.au/shop/productdetails/825109/golden-circle-orange-juice-no-added-sugar-fruit-juices-oj,,https://assets.woolworths.com.au/images/1005/825109.jpg?impolicy=wowsmkqiema&w=260&h=260,$5.50,,$1.83 / 1L, Add to cart , Save to list 
Fanta No Sugar Bottles 300ml X12 Pack,https://www.woolworths.com.au/shop/productdetails/221011/fanta-no-sugar-bottles,,https://assets.woolworths.com.au/images/1005/221011.jpg?impolicy=wowsmkqiema&w=260&h=260,$16.85,,$4.68 / 1L, Add to cart , Save to list 
Bushells Extra Strong Leaf Tea 250g,https://www.woolworths.com.au/shop/productdetails/90832/bushells-extra-strong-leaf-tea,,https://assets.woolworths.com.au/images/1005/90832.jpg?impolicy=wowsmkqiema&w=260&h=260,$3.25,,$1.30 / 100G, Add to cart , Save to list 
Starbucks By Nescafe Dolce Gusto Caffe Latte 121g,https://www.woolworths.com.au/shop/productdetails/155697/starbucks-by-nescafe-dolce-gusto-caffe-latte,,https://assets.woolworths.com.au/images/1005/155697.jpg?impolicy=wowsmkqiema&w=260&h=260,$10.00,,$0.83 / 1EA, Add to cart , Save to list 
Moccona Coffee Sachets Cappuccino 10 Pack,https://www.woolworths.com.au/shop/productdetails/174914/moccona-coffee-sachets-cappuccino,https://www.woolworths.com.au/content/promotiontags/roundel-special-200x200.png,https://assets.woolworths.com.au/images/1005/174914.jpg?impolicy=wowsmkqiema&w=260&h=260,$3.50,$6.00,$0.35 / 1EA, Add to cart , Save to list 
Ribena Syrup Light Blackcurrant 1l,https://www.woolworths.com.au/shop/productdetails/231845/ribena-syrup-light-blackcurrant,,https://assets.woolworths.com.au/images/1005/231845.jpg?impolicy=wowsmkqiema&w=260&h=260,$7.00,,$7.00 / 1L, Add to cart , Save to list 
Nesquik Strawberry Flavour 250g,https://www.woolworths.com.au/shop/productdetails/33890/nesquik-strawberry-flavour,,https://assets.woolworths.com.au/images/1005/33890.jpg?impolicy=wowsmkqiema&w=260&h=260,$3.00,,$1.20 / 100G, Add to cart , Save to list 
Cottee's Cordial Zero Sugar Coola Lime 1l,https://www.woolworths.com.au/shop/productdetails/160239/cottees-cordial-zero-sugar-coola-lime,https://www.woolworths.com.au/content/promotiontags/roundel-special-200x200.png,https://assets.woolworths.com.au/images/1005/160239.jpg?impolicy=wowsmkqiema&w=260&h=260,$4.50,$5.90,$4.50 / 1L, Add to cart , Save to list 
Sprite Lemon+ Zero Sugar Soft Drink Bottle 600ml,https://www.woolworths.com.au/shop/productdetails/246323/sprite-lemon-zero-sugar-soft-drink-bottle,,https://assets.woolworths.com.au/images/1005/246323.jpg?impolicy=wowsmkqiema&w=260&h=260,$4.05,,$6.75 / 1L, Add to cart , Save to list 
Vittoria Ristretto Nespresso Compatible Coffee Capsules Pack 10,https://www.woolworths.com.au/shop/productdetails/93045/vittoria-ristretto-nespresso-compatible-coffee-capsules,,https://assets.woolworths.com.au/images/1005/93045.jpg?impolicy=wowsmkqiema&w=260&h=260,$7.50,,$0.75 / 1EA, Add to cart , Save to list 
Cottee's Cordial Lime Coola 1l,https://www.woolworths.com.au/shop/productdetails/362445/cottees-cordial-lime-coola,https://www.woolworths.com.au/content/promotiontags/roundel-special-200x200.png,https://assets.woolworths.com.au/images/1005/362445.jpg?impolicy=wowsmkqiema&w=260&h=260,$4.50,$5.90,$4.50 / 1L, Add to cart , Save to list 
Nudie Nothing But Breakfast Juice 2l,https://www.woolworths.com.au/shop/productdetails/716767/nudie-nothing-but-breakfast-juice,,https://assets.woolworths.com.au/images/1005/716767.jpg?impolicy=wowsmkqiema&w=260&h=260,$8.00,,$4.00 / 1L, Add to cart , Save to list 
Daily Juice Orange Juice Pulp Free 500ml,https://www.woolworths.com.au/shop/productdetails/711676/daily-juice-orange-juice-pulp-free,,https://assets.woolworths.com.au/images/1005/711676.jpg?impolicy=wowsmkqiema&w=260&h=260,$2.80,,$5.60 / 1L, Add to cart , Save to list 
Nescafe Coffee Sachets Caramel Latte 10 Pack,https://www.woolworths.com.au/shop/productdetails/226908/nescafe-coffee-sachets-caramel-latte-caramel-latte,https://www.woolworths.com.au/content/promotiontags/roundel-half-price-200x200.png,https://assets.woolworths.com.au/images/1005/226908.jpg?impolicy=wowsmkqiema&w=260&h=260,$3.80,$7.60,$0.38 / 1EA, Add to cart , Save to list 
Moccona Freeze Dried Instant Coffee Classic Dark Roast 200g,https://www.woolworths.com.au/shop/productdetails/248520/moccona-freeze-dried-instant-coffee-classic-dark-roast,,https://assets.woolworths.com.au/images/1005/248520.jpg?impolicy=wowsmkqiema&w=260&h=260,$16.00,,$8.00 / 100G, Add to cart , Save to list 
Woolworths Skim Milk Powder 1kg,https://www.woolworths.com.au/shop/productdetails/789358/woolworths-skim-milk-powder,,https://assets.woolworths.com.au/images/1005/789358.jpg?impolicy=wowsmkqiema&w=260&h=260,$10.00,,$1.00 / 100G, Add to cart , Save to list 
Juice Lab Wellness Shot Calm 60ml,https://www.woolworths.com.au/shop/productdetails/227257/juice-lab-wellness-shot-calm,,https://assets.woolworths.com.au/images/1005/227257.jpg?impolicy=wowsmkqiema&w=260&h=260,$3.50,,$58.33 / 1L, Add to cart , Save to list 
Twinings English Breakfast Extra Strong Tea Bags 40 Pack,https://www.woolworths.com.au/shop/productdetails/656131/twinings-english-breakfast-extra-strong-tea-bags,,https://assets.woolworths.com.au/images/1005/656131.jpg?impolicy=wowsmkqiema&w=260&h=260,$7.50,,$0.19 / 1EA, Add to cart , Save to list 
Dilmah Family Pack Loose Leaf Tea 500g,https://www.woolworths.com.au/shop/productdetails/200224/dilmah-family-pack-loose-leaf-tea,,https://assets.woolworths.com.au/images/1005/200224.jpg?impolicy=wowsmkqiema&w=260&h=260,$9.00,,$1.80 / 100G, Add to cart , Save to list 
Impressed Pressed Juice Green Supreme 1l,https://www.woolworths.com.au/shop/productdetails/101333/impressed-pressed-juice-green-supreme,,https://assets.woolworths.com.au/images/1005/101333.jpg?impolicy=wowsmkqiema&w=260&h=260,$4.00,,$4.00 / 1L, Add to cart , Save to list 
Woolworths Orange Drink 2l,https://www.woolworths.com.au/shop/productdetails/852407/woolworths-orange-drink,,https://assets.woolworths.com.au/images/1005/852407.jpg?impolicy=wowsmkqiema&w=260&h=260,$1.95,,$0.98 / 1L, Add to cart , Save to list 
Diet Rite Soft Drink Passionfruit Bottle 1.25l,https://www.woolworths.com.au/shop/productdetails/255360/diet-rite-soft-drink-passionfruit-bottle,,https://assets.woolworths.com.au/images/1005/255360.jpg?impolicy=wowsmkqiema&w=260&h=260,$1.55,,$1.24 / 1L, Add to cart , Save to list 
Remedy Organic Kombucha Raspberry Lemonade 750ml,https://www.woolworths.com.au/shop/productdetails/671437/remedy-organic-kombucha-raspberry-lemonade,,https://assets.woolworths.com.au/images/1005/671437.jpg?impolicy=wowsmkqiema&w=260&h=260,$7.50,,$10.00 / 1L, Add to cart , Save to list 
Rockstar Original 500ml Can,https://www.woolworths.com.au/shop/productdetails/622020/rockstar-original,https://www.woolworths.com.au/content/promotiontags/roundel-special-200x200.png,https://assets.woolworths.com.au/images/1005/622020.jpg?impolicy=wowsmkqiema&w=260&h=260,$2.70,$3.10,$5.40 / 1L, Add to cart , Save to list 
Nesquik Chocolate 500g,https://www.woolworths.com.au/shop/productdetails/33889/nesquik-chocolate,,https://assets.woolworths.com.au/images/1005/33889.jpg?impolicy=wowsmkqiema&w=260&h=260,,,,, Save to list 
Coca-cola No Sugar Soft Drink Bottles 300ml X4 Pack,https://www.woolworths.com.au/shop/productdetails/822757/coca-cola-no-sugar-soft-drink-bottles,https://www.woolworths.com.au/content/promotiontags/roundel-special-200x200.png,https://assets.woolworths.com.au/images/1005/822757.jpg?impolicy=wowsmkqiema&w=260&h=260,$5.65,$8.10,$4.71 / 1L, Add to cart , Save to list 
Bundaberg Lemon Lime & Bitters 375ml X4 Pack,https://www.woolworths.com.au/shop/productdetails/884260/bundaberg-lemon-lime-bitters,,https://assets.woolworths.com.au/images/1005/884260.jpg?impolicy=wowsmkqiema&w=260&h=260,$7.00,,$4.67 / 1L, Add to cart , Save to list 
Lipton Quality Black Leaf Tea Intense 100 Pack,https://www.woolworths.com.au/shop/productdetails/228523/lipton-quality-black-leaf-tea-intense,,https://assets.woolworths.com.au/images/1005/228523.jpg?impolicy=wowsmkqiema&w=260&h=260,$6.60,,$0.07 / 1EA, Add to cart , Save to list 
Lipton Ice Tea Lemon 500ml,https://www.woolworths.com.au/shop/productdetails/201688/lipton-ice-tea-lemon,,https://assets.woolworths.com.au/images/1005/201688.jpg?impolicy=wowsmkqiema&w=260&h=260,$3.00,,$6.00 / 1L, Add to cart , Save to list 
Remedy Immune Plus Vitamins Lemon & Lime Shot 60ml,https://www.woolworths.com.au/shop/productdetails/178116/remedy-immune-plus-vitamins-lemon-lime-shot,,https://assets.woolworths.com.au/images/1005/178116.jpg?impolicy=wowsmkqiema&w=260&h=260,$3.50,,$58.33 / 1L, Add to cart , Save to list 
Devondale Moo Chocolate Milk 6x200ml,https://www.woolworths.com.au/shop/productdetails/700475/devondale-moo-chocolate-milk,,https://assets.woolworths.com.au/images/1005/700475.jpg?impolicy=wowsmkqiema&w=260&h=260,$6.60,,$5.50 / 1L, Add to cart , Save to list 
Bundaberg Burgundee Creaming Soda 375ml X4 Pack,https://www.woolworths.com.au/shop/productdetails/886806/bundaberg-burgundee-creaming-soda,,https://assets.woolworths.com.au/images/1005/886806.jpg?impolicy=wowsmkqiema&w=260&h=260,$7.00,,$4.67 / 1L, Add to cart , Save to list 
V Energy Blue 500ml,https://www.woolworths.com.au/shop/productdetails/705699/v-energy-blue,,https://assets.woolworths.com.au/images/1005/705699.jpg?impolicy=wowsmkqiema&w=260&h=260,$4.00,,$8.00 / 1L, Add to cart , Save to list 
Sunraysia Prune Juice 1l,https://www.woolworths.com.au/shop/productdetails/765676/sunraysia-prune-juice,,https://assets.woolworths.com.au/images/1005/765676.jpg?impolicy=wowsmkqiema&w=260&h=260,$6.30,,$6.30 / 1L, Add to cart , Save to list 
Diet Rite Multi Fruits Cordial 1l,https://www.woolworths.com.au/shop/productdetails/39208/diet-rite-multi-fruits-cordial,,https://assets.woolworths.com.au/images/1005/39208.jpg?impolicy=wowsmkqiema&w=260&h=260,$3.50,,$3.50 / 1L, Add to cart , Save to list 
International Roast Instant Coffee 500g,https://www.woolworths.com.au/shop/productdetails/34709/international-roast-instant-coffee,,https://assets.woolworths.com.au/images/1005/34709.jpg?impolicy=wowsmkqiema&w=260&h=260,$14.00,,$2.80 / 100G, Add to cart , Save to list 
Coca-cola Diet Mini Cans 250ml X 6 Pack,https://www.woolworths.com.au/shop/productdetails/245582/coca-cola-diet-mini-cans,https://www.woolworths.com.au/content/promotiontags/roundel-buy-more-save-more-200x200.png,https://assets.woolworths.com.au/images/1005/245582.jpg?impolicy=wowsmkqiema&w=260&h=260,$9.20,,$6.13 / 1L, Add to cart , Save to list 
Mountain Dew Soft Drink Cans 375ml X10 Pack,https://www.woolworths.com.au/shop/productdetails/442169/mountain-dew-soft-drink-cans,,https://assets.woolworths.com.au/images/1005/442169.jpg?impolicy=wowsmkqiema&w=260&h=260,$16.50,,$4.40 / 1L, Add to cart , Save to list 
Madura Earl Grey Tea Bags 50 Pack 100g,https://www.woolworths.com.au/shop/productdetails/65701/madura-earl-grey-tea-bags,,https://assets.woolworths.com.au/images/1005/65701.jpg?impolicy=wowsmkqiema&w=260&h=260,$5.45,,$0.11 / 1EA, Add to cart , Save to list 
Lipton Ice Tea Mango 1.5l,https://www.woolworths.com.au/shop/productdetails/317793/lipton-ice-tea-mango,https://www.woolworths.com.au/content/promotiontags/roundel-buy-more-save-more-200x200.png,https://assets.woolworths.com.au/images/1005/317793.jpg?impolicy=wowsmkqiema&w=260&h=260,$5.00,,$3.33 / 1L, Add to cart , Save to list 
Bickford's Tropical Cordial 750ml,https://www.woolworths.com.au/shop/productdetails/46667/bickford-s-tropical-cordial,,https://assets.woolworths.com.au/images/1005/46667.jpg?impolicy=wowsmkqiema&w=260&h=260,$4.50,,$6.00 / 1L, Add to cart , Save to list 
Golden Circle Apple Raspberry Poppers Lunch Box Fruit Drink Multipack 250ml X6 Pack,https://www.woolworths.com.au/shop/productdetails/49967/golden-circle-apple-raspberry-poppers-lunch-box-fruit-drink-multipack,,https://assets.woolworths.com.au/images/1005/49967.jpg?impolicy=wowsmkqiema&w=260&h=260,$5.10,,$3.40 / 1L, Add to cart , Save to list 
Lipton Quality Tips Loose Leaf Tea 250g,https://www.woolworths.com.au/shop/productdetails/33817/lipton-quality-tips-loose-leaf-tea,,https://assets.woolworths.com.au/images/1005/33817.jpg?impolicy=wowsmkqiema&w=260&h=260,$4.39,,$1.76 / 100G, Add to cart , Save to list 
Pepsi Light Caffeine Free Bottle 1.25l,https://www.woolworths.com.au/shop/productdetails/40895/pepsi-light-caffeine-free-bottle,,https://assets.woolworths.com.au/images/1005/40895.jpg?impolicy=wowsmkqiema&w=260&h=260,,,,, Save to list 
Remedy Switchel Blood Orange Cans 250ml X4 Pack,https://www.woolworths.com.au/shop/productdetails/59110/remedy-switchel-blood-orange-cans,https://www.woolworths.com.au/content/promotiontags/roundel-special-200x200.png,https://assets.woolworths.com.au/images/1005/59110.jpg?impolicy=wowsmkqiema&w=260&h=260,$6.00,$8.75,$6.00 / 1L, Add to cart , Save to list 
Tetley Decaffeinated Green Tea Bags 50 Pack,https://www.woolworths.com.au/shop/productdetails/262434/tetley-decaffeinated-green-tea-bags,,https://assets.woolworths.com.au/images/1005/262434.jpg?impolicy=wowsmkqiema&w=260&h=260,$4.70,,$0.09 / 1EA, Add to cart , Save to list 
Remedy Digestion With Prebiotics Ginger Shot 60ml,https://www.woolworths.com.au/shop/productdetails/174641/remedy-digestion-with-prebiotics-ginger-shot,,https://assets.woolworths.com.au/images/1005/174641.jpg?impolicy=wowsmkqiema&w=260&h=260,$3.50,,$58.33 / 1L, Add to cart , Save to list 
Australia's Own A2 Full Cream Uht Milk 6 Pack,https://www.woolworths.com.au/shop/productdetails/108593/australia-s-own-a2-full-cream-uht-milk,,https://assets.woolworths.com.au/images/1005/108593.jpg?impolicy=wowsmkqiema&w=260&h=260,$5.00,,$4.17 / 1L, Add to cart , Save to list 
Nescafe Coffee Sachets Caramel Latte 26 Pack,https://www.woolworths.com.au/shop/productdetails/549613/nescafe-coffee-sachets-caramel-latte-caramel-latte,,https://assets.woolworths.com.au/images/1005/549613.jpg?impolicy=wowsmkqiema&w=260&h=260,$11.00,,$0.42 / 1EA, Add to cart , Save to list 
L'or Espresso Supremo Intensity 10 Coffee Capsules 10 Pack,https://www.woolworths.com.au/shop/productdetails/603806/l-or-espresso-supremo-intensity-10-coffee-capsules,,https://assets.woolworths.com.au/images/1005/603806.jpg?impolicy=wowsmkqiema&w=260&h=260,$7.50,,$0.75 / 1EA, Add to cart , Save to list 
Nature's Cuppa English Breakfast Tea Bags 60 Pack 150g,https://www.woolworths.com.au/shop/productdetails/229774/nature-s-cuppa-english-breakfast-tea-bags,https://www.woolworths.com.au/content/promotiontags/roundel-half-price-200x200.png,https://assets.woolworths.com.au/images/1005/229774.jpg?impolicy=wowsmkqiema&w=260&h=260,$3.50,$7.00,$0.06 / 1EA, Add to cart , Save to list 
Ito En Matcha Green Tea Traditional 20 Pack,https://www.woolworths.com.au/shop/productdetails/426222/ito-en-matcha-green-tea-traditional,https://www.woolworths.com.au/content/promotiontags/roundel-special-200x200.png,https://assets.woolworths.com.au/images/1005/426222.jpg?impolicy=wowsmkqiema&w=260&h=260,$4.80,$6.00,$0.24 / 1EA, Add to cart , Save to list 
Bickford's Cranberry Juice Drink 1l,https://www.woolworths.com.au/shop/productdetails/620603/bickford-s-cranberry-juice-drink,https://www.woolworths.com.au/content/promotiontags/roundel-special-200x200.png,https://assets.woolworths.com.au/images/1005/620603.jpg?impolicy=wowsmkqiema&w=260&h=260,$4.80,$5.50,$4.80 / 1L, Add to cart , Save to list 
Macro Organic Coconut Milk Unsweetened 1l,https://www.woolworths.com.au/shop/productdetails/150167/macro-organic-coconut-milk-unsweetened,,https://assets.woolworths.com.au/images/1005/150167.jpg?impolicy=wowsmkqiema&w=260&h=260,$2.25,,$2.25 / 1L, Add to cart , Save to list 
Vittoria Mountain Grown Nespresso Compatible Coffee Capsules Pack 10,https://www.woolworths.com.au/shop/productdetails/92148/vittoria-mountain-grown-nespresso-compatible-coffee-capsules,,https://assets.woolworths.com.au/images/1005/92148.jpg?impolicy=wowsmkqiema&w=260&h=260,$7.50,,$0.75 / 1EA, Add to cart , Save to list 
V Energy Energy Drink 250ml,https://www.woolworths.com.au/shop/productdetails/139864/v-energy-energy-drink,,https://assets.woolworths.com.au/images/1005/139864.jpg?impolicy=wowsmkqiema&w=260&h=260,$2.50,,$10.00 / 1L, Add to cart , Save to list 
V Energy Green 330ml X6 Pack,https://www.woolworths.com.au/shop/productdetails/117141/v-energy-green,,https://assets.woolworths.com.au/images/1005/117141.jpg?impolicy=wowsmkqiema&w=260&h=260,$12.50,,$6.31 / 1L, Add to cart , Save to list 
Diet Rite Lemon Lime Orange 1l,https://www.woolworths.com.au/shop/productdetails/684089/diet-rite-lemon-lime-orange,,https://assets.woolworths.com.au/images/1005/684089.jpg?impolicy=wowsmkqiema&w=260&h=260,$3.50,,$3.50 / 1L, Add to cart , Save to list 
H2coco Pure Coconut Water 2l,https://www.woolworths.com.au/shop/productdetails/172439/h2coco-pure-coconut-water,,https://assets.woolworths.com.au/images/1005/172439.jpg?impolicy=wowsmkqiema&w=260&h=260,,,,, Save to list 
Bickford's Lemon & Lime Bitters Cordial 750ml,https://www.woolworths.com.au/shop/productdetails/331819/bickford-s-lemon-lime-bitters-cordial,,https://assets.woolworths.com.au/images/1005/331819.jpg?impolicy=wowsmkqiema&w=260&h=260,$4.50,,$6.00 / 1L, Add to cart , Save to list 
Bickford's Raspberry Cordial 750ml,https://www.woolworths.com.au/shop/productdetails/691317/bickford-s-raspberry-cordial,,https://assets.woolworths.com.au/images/1005/691317.jpg?impolicy=wowsmkqiema&w=260&h=260,$4.50,,$6.00 / 1L, Add to cart , Save to list 
Twinings Russian Caravan Loose Leaf Tea 125g,https://www.woolworths.com.au/shop/productdetails/42861/twinings-russian-caravan-loose-leaf-tea,,https://assets.woolworths.com.au/images/1005/42861.jpg?impolicy=wowsmkqiema&w=260&h=260,$7.50,,$6.00 / 100G, Add to cart , Save to list 
L'or Espresso Ristretto Coffee Capsule 10 Pack,https://www.woolworths.com.au/shop/productdetails/603799/l-or-espresso-ristretto-coffee-capsule,,https://assets.woolworths.com.au/images/1005/603799.jpg?impolicy=wowsmkqiema&w=260&h=260,$7.50,,$0.75 / 1EA, Add to cart , Save to list 
Kirks Sugar Free Pasito Soft Drink Bottle 1.25l,https://www.woolworths.com.au/shop/productdetails/178822/kirks-sugar-free-pasito-soft-drink-bottle,,https://assets.woolworths.com.au/images/1005/178822.jpg?impolicy=wowsmkqiema&w=260&h=260,,,,, Save to list 
Schweppes Agrum Citrus Blend Zero Sugar 300ml X 4 Pack,https://www.woolworths.com.au/shop/productdetails/231569/schweppes-agrum-citrus-blend-zero-sugar,https://www.woolworths.com.au/content/promotiontags/roundel-buy-more-save-more-200x200.png,https://assets.woolworths.com.au/images/1005/231569.jpg?impolicy=wowsmkqiema&w=260&h=260,$7.00,,$5.83 / 1L, Add to cart , Save to list 
Moccona Coffee Sachets Caramel Latte 10 Pack,https://www.woolworths.com.au/shop/productdetails/175028/moccona-coffee-sachets-caramel-latte,https://www.woolworths.com.au/content/promotiontags/roundel-special-200x200.png,https://assets.woolworths.com.au/images/1005/175028.jpg?impolicy=wowsmkqiema&w=260&h=260,$3.50,$6.00,$0.35 / 1EA, Add to cart , Save to list 
Golden Circle Drinks Apple Splash Fruit Drink 1l,https://www.woolworths.com.au/shop/productdetails/534560/golden-circle-drinks-apple-splash-fruit-drink,,https://assets.woolworths.com.au/images/1005/534560.jpg?impolicy=wowsmkqiema&w=260&h=260,$2.70,,$2.70 / 1L, Add to cart , Save to list 
Bickford's Iced Coffee Syrup 500ml,https://www.woolworths.com.au/shop/productdetails/82871/bickford-s-iced-coffee-syrup,https://www.woolworths.com.au/content/promotiontags/roundel-special-200x200.png,https://assets.woolworths.com.au/images/1005/82871.jpg?impolicy=wowsmkqiema&w=260&h=260,$5.50,$7.00,$1.10 / 100ML, Add to cart , Save to list 
"Nudie Nothing But Carrot, Orange, Apple & Ginger 2l",https://www.woolworths.com.au/shop/productdetails/784642/nudie-nothing-but-carrot-orange-apple-ginger,,https://assets.woolworths.com.au/images/1005/784642.jpg?impolicy=wowsmkqiema&w=260&h=260,$8.50,,$4.25 / 1L, Add to cart , Save to list 
Bodiez Vitalise Berry 15g Protein Water 500ml,https://www.woolworths.com.au/shop/productdetails/54686/bodiez-vitalise-berry-15g-protein-water,https://www.woolworths.com.au/content/promotiontags/roundel-special-200x200.png,https://assets.woolworths.com.au/images/1005/54686.jpg?impolicy=wowsmkqiema&w=260&h=260,$2.80,$4.00,$5.60 / 1L, Add to cart , Save to list 
Nudie Nothing But Orange Double Pulp 2l,https://www.woolworths.com.au/shop/productdetails/448581/nudie-nothing-but-orange-double-pulp,,https://assets.woolworths.com.au/images/1005/448581.jpg?impolicy=wowsmkqiema&w=260&h=260,$8.50,,$4.25 / 1L, Add to cart , Save to list 
Maximus Lemonade Ice Block Isotonic Sports Drink 1l,https://www.woolworths.com.au/shop/productdetails/269088/maximus-lemonade-ice-block-isotonic-sports-drink,,https://assets.woolworths.com.au/images/1005/269088.jpg?impolicy=wowsmkqiema&w=260&h=260,$2.65,,$2.65 / 1L, Add to cart , Save to list 
Golden Circle Fruit Drinks Mango Nectar 2l,https://www.woolworths.com.au/shop/productdetails/15720/golden-circle-fruit-drinks-mango-nectar-fruit-drink,,https://assets.woolworths.com.au/images/1005/15720.jpg?impolicy=wowsmkqiema&w=260&h=260,$4.90,,$2.45 / 1L, Add to cart , Save to list 
Arkadia Chai Tea Vanilla 240g,https://www.woolworths.com.au/shop/productdetails/320237/arkadia-chai-tea-vanilla,,https://assets.woolworths.com.au/images/1005/320237.jpg?impolicy=wowsmkqiema&w=260&h=260,$7.00,,$2.92 / 100G, Add to cart , Save to list 
Golden Circle Cordials Apple Raspberry Cordial 2l,https://www.woolworths.com.au/shop/productdetails/264936/golden-circle-cordials-apple-raspberry-cordial,,https://assets.woolworths.com.au/images/1005/264936.jpg?impolicy=wowsmkqiema&w=260&h=260,$5.00,,$2.50 / 1L, Add to cart , Save to list 
Vittoria Valentina Nespresso Compatible Coffee Capsules Pack 10,https://www.woolworths.com.au/shop/productdetails/92399/vittoria-valentina-nespresso-compatible-coffee-capsules,,https://assets.woolworths.com.au/images/1005/92399.jpg?impolicy=wowsmkqiema&w=260&h=260,$7.50,,$0.75 / 1EA, Add to cart , Save to list 
Oak Chocolate Flavoured Milk 3x250ml,https://www.woolworths.com.au/shop/productdetails/878734/oak-chocolate-flavoured-milk,,https://assets.woolworths.com.au/images/1005/878734.jpg?impolicy=wowsmkqiema&w=260&h=260,$4.35,,$5.80 / 1L, Add to cart , Save to list 
L'or Espresso Lungo Profondo Intensity 8 Coffee Capsules 10 Pack,https://www.woolworths.com.au/shop/productdetails/604171/l-or-espresso-lungo-profondo-intensity-8-coffee-capsules,,https://assets.woolworths.com.au/images/1005/604171.jpg?impolicy=wowsmkqiema&w=260&h=260,$7.50,,$0.75 / 1EA, Add to cart , Save to list 
Nescafe Coffee Sachets Vanilla 26 Pack,https://www.woolworths.com.au/shop/productdetails/549623/nescafe-coffee-sachets-vanilla-vanilla,,https://assets.woolworths.com.au/images/1005/549623.jpg?impolicy=wowsmkqiema&w=260&h=260,$11.00,,$0.42 / 1EA, Add to cart , Save to list 
Coca-cola Vanilla No Sugar Bottles 300ml X12 Pack,https://www.woolworths.com.au/shop/productdetails/221774/coca-cola-vanilla-no-sugar-bottles,,https://assets.woolworths.com.au/images/1005/221774.jpg?impolicy=wowsmkqiema&w=260&h=260,$16.85,,$4.68 / 1L, Add to cart , Save to list 
Sunraysia Juice Pomegranate 1l,https://www.woolworths.com.au/shop/productdetails/482845/sunraysia-juice-pomegranate,,https://assets.woolworths.com.au/images/1005/482845.jpg?impolicy=wowsmkqiema&w=260&h=260,$6.30,,$6.30 / 1L, Add to cart , Save to list 
Twinings Earl Grey Loose Leaf Tea 125g,https://www.woolworths.com.au/shop/productdetails/41859/twinings-earl-grey-loose-leaf-tea-loose-leaf-tea,,https://assets.woolworths.com.au/images/1005/41859.jpg?impolicy=wowsmkqiema&w=260&h=260,$7.50,,$6.00 / 100G, Add to cart , Save to list 
Saxbys Ginger Beer 750ml,https://www.woolworths.com.au/shop/productdetails/13159/saxbys-ginger-beer,https://www.woolworths.com.au/content/promotiontags/local-seals-nsw.png,https://assets.woolworths.com.au/images/1005/13159.jpg?impolicy=wowsmkqiema&w=260&h=260,$2.65,,$3.53 / 1L, Add to cart , Save to list 
Woolworths 100% Cloudy Pear Juice 1l,https://www.woolworths.com.au/shop/productdetails/81540/woolworths-100-cloudy-pear-juice,,https://assets.woolworths.com.au/images/1005/81540.jpg?impolicy=wowsmkqiema&w=260&h=260,$4.50,,$4.50 / 1L, Add to cart , Save to list 
Twinings Pure Green Tea Bags 50 Pack,https://www.woolworths.com.au/shop/productdetails/262437/twinings-pure-green-tea-bags-bags,,https://assets.woolworths.com.au/images/1005/262437.jpg?impolicy=wowsmkqiema&w=260&h=260,$7.50,,$0.15 / 1EA, Add to cart , Save to list 
Red Bull Energy Drink Sugar Free 250ml,https://www.woolworths.com.au/shop/productdetails/192401/red-bull-energy-drink-sugar-free,,https://assets.woolworths.com.au/images/1005/192401.jpg?impolicy=wowsmkqiema&w=260&h=260,$3.10,,$12.40 / 1L, Add to cart , Save to list 
Pepsi Max Lemon Bottle 1.25l,https://www.woolworths.com.au/shop/productdetails/231664/pepsi-max-lemon-bottle,,https://assets.woolworths.com.au/images/1005/231664.jpg?impolicy=wowsmkqiema&w=260&h=260,$2.70,,$2.16 / 1L, Add to cart , Save to list 
Just Juice Apple & Blackcurrant Juice 6x200ml,https://www.woolworths.com.au/shop/productdetails/315780/just-juice-apple-blackcurrant-juice,,https://assets.woolworths.com.au/images/1005/315780.jpg?impolicy=wowsmkqiema&w=260&h=260,$5.00,,$4.17 / 1L, Add to cart , Save to list 
Lipton Black Tea Decaffeinated 50 Pack,https://www.woolworths.com.au/shop/productdetails/87040/lipton-black-tea-decaffeinated,,https://assets.woolworths.com.au/images/1005/87040.jpg?impolicy=wowsmkqiema&w=260&h=260,$5.20,,$0.10 / 1EA, Add to cart , Save to list 
Impressed Cold Pressed Juice Easy Greens 1l,https://www.woolworths.com.au/shop/productdetails/468559/impressed-cold-pressed-juice-easy-greens,,https://assets.woolworths.com.au/images/1005/468559.jpg?impolicy=wowsmkqiema&w=260&h=260,$5.50,,$5.50 / 1L, Add to cart , Save to list 
Bickford's Peach Tea Cordial 750ml,https://www.woolworths.com.au/shop/productdetails/264715/bickford-s-peach-tea-cordial,,https://assets.woolworths.com.au/images/1005/264715.jpg?impolicy=wowsmkqiema&w=260&h=260,$4.50,,$6.00 / 1L, Add to cart , Save to list 
Vittoria Oro Nespresso Compatible Coffee Capsules 40 Pack,https://www.woolworths.com.au/shop/productdetails/121322/vittoria-oro-nespresso-compatible-coffee-capsules,,https://assets.woolworths.com.au/images/1005/121322.jpg?impolicy=wowsmkqiema&w=260&h=260,$21.00,,$0.53 / 1EA, Add to cart , Save to list 
Nudie Nothing But Orange Juice 3l,https://www.woolworths.com.au/shop/productdetails/406577/nudie-nothing-but-orange-juice,https://www.woolworths.com.au/content/promotiontags/roundel-special-200x200.png,https://assets.woolworths.com.au/images/1005/406577.jpg?impolicy=wowsmkqiema&w=260&h=260,$10.00,$11.00,$3.33 / 1L, Add to cart , Save to list 
V Energy Drink 500ml X4 Pack,https://www.woolworths.com.au/shop/productdetails/331936/v-energy-drink,https://www.woolworths.com.au/content/promotiontags/roundel-special-200x200.png,https://assets.woolworths.com.au/images/1005/331936.jpg?impolicy=wowsmkqiema&w=260&h=260,$9.60,$16.00,$4.80 / 1L, Add to cart , Save to list 
Woolworths Nespresso Compatible Coffee Capsules Strong 10 Pack,https://www.woolworths.com.au/shop/productdetails/434918/woolworths-nespresso-compatible-coffee-capsules-strong,,https://assets.woolworths.com.au/images/1005/434918.jpg?impolicy=wowsmkqiema&w=260&h=260,$3.80,,$0.38 / 1EA, Add to cart , Save to list 
Nudie Kids Tetra Tropical 200ml,https://www.woolworths.com.au/shop/productdetails/22941/nudie-kids-tetra-tropical,,https://assets.woolworths.com.au/images/1005/22941.jpg?impolicy=wowsmkqiema&w=260&h=260,,,,, Save to list 
Impressed Pressed Juice Tropical Breakfast Juice 1l,https://www.woolworths.com.au/shop/productdetails/65620/impressed-pressed-juice-tropical-breakfast-juice,,https://assets.woolworths.com.au/images/1005/65620.jpg?impolicy=wowsmkqiema&w=260&h=260,$4.00,,$4.00 / 1L, Add to cart , Save to list 
Juice Country Orange & Mango Concentrate 500ml,https://www.woolworths.com.au/shop/productdetails/793232/juice-country-orange-mango-concentrate,,https://assets.woolworths.com.au/images/1005/793232.jpg?impolicy=wowsmkqiema&w=260&h=260,$1.10,,$2.20 / 1L, Add to cart , Save to list 
Pepsi Max Mini Cans 200ml X6 Pack,https://www.woolworths.com.au/shop/productdetails/782321/pepsi-max-mini-cans,https://www.woolworths.com.au/content/promotiontags/roundel-special-200x200.png,https://assets.woolworths.com.au/images/1005/782321.jpg?impolicy=wowsmkqiema&w=260&h=260,$6.00,$7.50,$5.00 / 1L, Add to cart , Save to list 
Madame Flavour Green Jasmine & Pear Tea Pods 18 Pack,https://www.woolworths.com.au/shop/productdetails/308449/madame-flavour-green-jasmine-pear-tea-pods,,https://assets.woolworths.com.au/images/1005/308449.jpg?impolicy=wowsmkqiema&w=260&h=260,$7.00,,$0.39 / 1EA, Add to cart , Save to list 
Lipton Peach Iced Tea Sachets 20 Pack,https://www.woolworths.com.au/shop/productdetails/116549/lipton-peach-iced-tea-sachets,,https://assets.woolworths.com.au/images/1005/116549.jpg?impolicy=wowsmkqiema&w=260&h=260,$6.50,,$0.33 / 1EA, Add to cart , Save to list 
V Energy Raspberry Lemonade Guarana Energy Drink 250mlx 4pack,https://www.woolworths.com.au/shop/productdetails/174645/v-energy-raspberry-lemonade-guarana-energy-drink,,https://assets.woolworths.com.au/images/1005/174645.jpg?impolicy=wowsmkqiema&w=260&h=260,$10.50,,$10.50 / 1L, Add to cart , Save to list 
Macro Organic Coconut Water 1l,https://www.woolworths.com.au/shop/productdetails/688226/macro-organic-coconut-water,,https://assets.woolworths.com.au/images/1005/688226.jpg?impolicy=wowsmkqiema&w=260&h=260,$6.00,,$6.00 / 1L, Add to cart , Save to list 
Pop Tops Apple & Blackcurrent Fruit Drink 250ml X 6 Pack,https://www.woolworths.com.au/shop/productdetails/229753/pop-tops-apple-blackcurrent-fruit-drink,,https://assets.woolworths.com.au/images/1005/229753.jpg?impolicy=wowsmkqiema&w=260&h=260,$5.90,,$3.93 / 1L, Add to cart , Save to list 
Remedy Energy With Caffeine Berry Shot 60ml,https://www.woolworths.com.au/shop/productdetails/174912/remedy-energy-with-caffeine-berry-shot,,https://assets.woolworths.com.au/images/1005/174912.jpg?impolicy=wowsmkqiema&w=260&h=260,$3.50,,$58.33 / 1L, Add to cart , Save to list 
Cottee's Cordial Raspberry 1l,https://www.woolworths.com.au/shop/productdetails/362446/cottees-cordial-raspberry,https://www.woolworths.com.au/content/promotiontags/roundel-special-200x200.png,https://assets.woolworths.com.au/images/1005/362446.jpg?impolicy=wowsmkqiema&w=260&h=260,$4.50,$5.90,$4.50 / 1L, Add to cart , Save to list 
Bundaberg Traditional Lemonade 4x375ml 4x375ml,https://www.woolworths.com.au/shop/productdetails/801323/bundaberg-traditional-lemonade-4x375ml,,https://assets.woolworths.com.au/images/1005/801323.jpg?impolicy=wowsmkqiema&w=260&h=260,$7.00,,$4.67 / 1L, Add to cart , Save to list 
Starbucks Macchiato Madagascan Vanilla With Blonde Espresso Roast 12 Pack,https://www.woolworths.com.au/shop/productdetails/224376/starbucks-macchiato-madagascan-vanilla-with-blonde-espresso-roast,,https://assets.woolworths.com.au/images/1005/224376.jpg?impolicy=wowsmkqiema&w=260&h=260,$10.00,,$0.83 / 1EA, Add to cart , Save to list 
Woolworths Orange Juice 3l,https://www.woolworths.com.au/shop/productdetails/852420/woolworths-orange-juice,,https://assets.woolworths.com.au/images/1005/852420.jpg?impolicy=wowsmkqiema&w=260&h=260,$4.20,,$1.40 / 1L, Add to cart , Save to list 
Vittoria Coffee Bags Espresso 20 Pack,https://www.woolworths.com.au/shop/productdetails/157316/vittoria-coffee-bags-espresso,https://www.woolworths.com.au/content/promotiontags/roundel-special-200x200.png,https://assets.woolworths.com.au/images/1005/157316.jpg?impolicy=wowsmkqiema&w=260&h=260,$10.00,$12.50,$0.50 / 1EA, Add to cart , Save to list 
Mother Energy Drink Original Can 500ml,https://www.woolworths.com.au/shop/productdetails/315125/mother-energy-drink-original-can,,https://assets.woolworths.com.au/images/1005/315125.jpg?impolicy=wowsmkqiema&w=260&h=260,$3.05,,$6.10 / 1L, Add to cart , Save to list 
L'or Espresso Ultimo Intensity 13 Coffee Capsules 10 Pack,https://www.woolworths.com.au/shop/productdetails/92329/l-or-espresso-ultimo-intensity-13-coffee-capsules,,https://assets.woolworths.com.au/images/1005/92329.jpg?impolicy=wowsmkqiema&w=260&h=260,$7.50,,$0.75 / 1EA, Add to cart , Save to list 
Nescafe Coffee Sachets Hazelnut Latte 10 Pack,https://www.woolworths.com.au/shop/productdetails/226666/nescafe-coffee-sachets-hazelnut-latte-latte-hazelnut,https://www.woolworths.com.au/content/promotiontags/roundel-half-price-200x200.png,https://assets.woolworths.com.au/images/1005/226666.jpg?impolicy=wowsmkqiema&w=260&h=260,$3.80,$7.60,$0.38 / 1EA, Add to cart , Save to list 
Rockstar Energy Drink Juiced El Mango 500ml,https://www.woolworths.com.au/shop/productdetails/174473/rockstar-energy-drink-juiced-el-mango,https://www.woolworths.com.au/content/promotiontags/roundel-special-200x200.png,https://assets.woolworths.com.au/images/1005/174473.jpg?impolicy=wowsmkqiema&w=260&h=260,$2.70,$3.10,$5.40 / 1L, Add to cart , Save to list 
Wolf Blass Zero Shiraz 750ml,https://www.woolworths.com.au/shop/productdetails/182985/wolf-blass-zero-shiraz,,https://assets.woolworths.com.au/images/1005/182985.jpg?impolicy=wowsmkqiema&w=260&h=260,$13.50,,, Add to cart , Save to list 
Monster Energy Ultra Rosa Can 500ml,https://www.woolworths.com.au/shop/productdetails/124312/monster-energy-ultra-rosa-can,https://www.woolworths.com.au/content/promotiontags/roundel-special-200x200.png,https://assets.woolworths.com.au/images/1005/124312.jpg?impolicy=wowsmkqiema&w=260&h=260,$2.85,$3.85,$5.70 / 1L, Add to cart , Save to list 
Bickford's Lemon Barley Cordial 750ml,https://www.woolworths.com.au/shop/productdetails/3154/bickford-s-lemon-barley-cordial,,https://assets.woolworths.com.au/images/1005/3154.jpg?impolicy=wowsmkqiema&w=260&h=260,$4.50,,$6.00 / 1L, Add to cart , Save to list 
Impressed Pressed Juice Orange With Pulp 1l,https://www.woolworths.com.au/shop/productdetails/65513/impressed-pressed-juice-orange-with-pulp,,https://assets.woolworths.com.au/images/1005/65513.jpg?impolicy=wowsmkqiema&w=260&h=260,$4.00,,$4.00 / 1L, Add to cart , Save to list 
Vittoria Organic Coffee Beans 500g,https://www.woolworths.com.au/shop/productdetails/32187/vittoria-organic-coffee-beans,https://www.woolworths.com.au/content/promotiontags/roundel-special-200x200.png,https://assets.woolworths.com.au/images/1005/32187.jpg?impolicy=wowsmkqiema&w=260&h=260,$16.00,$24.00,$3.20 / 100G, Add to cart , Save to list 
Naked Life Non Alcoholic Classic Gin & Tonic 250ml X4 Pack,https://www.woolworths.com.au/shop/productdetails/179268/naked-life-non-alcoholic-classic-gin-tonic,https://www.woolworths.com.au/content/promotiontags/roundel-special-200x200.png,https://assets.woolworths.com.au/images/1005/179268.jpg?impolicy=wowsmkqiema&w=260&h=260,$12.00,$15.00,$12.00 / 1L, Add to cart , Save to list 
Bundaberg Ginger Beer 750ml,https://www.woolworths.com.au/shop/productdetails/26506/bundaberg-ginger-beer,,https://assets.woolworths.com.au/images/1005/26506.jpg?impolicy=wowsmkqiema&w=260&h=260,$3.55,,$4.73 / 1L, Add to cart , Save to list 
V Energy Energy Drink 500ml,https://www.woolworths.com.au/shop/productdetails/315692/v-energy-energy-drink,,https://assets.woolworths.com.au/images/1005/315692.jpg?impolicy=wowsmkqiema&w=260&h=260,$4.00,,$8.00 / 1L, Add to cart , Save to list 
Golden Circle Drinks Pine Orange Fruit Drink 1l,https://www.woolworths.com.au/shop/productdetails/32749/golden-circle-drinks-pine-orange-fruit-drink,,https://assets.woolworths.com.au/images/1005/32749.jpg?impolicy=wowsmkqiema&w=260&h=260,$2.70,,$2.70 / 1L, Add to cart , Save to list 
Twinings Live Well Digest Tea Bags 22 Pack,https://www.woolworths.com.au/shop/productdetails/226199/twinings-live-well-digest-tea-bags,,https://assets.woolworths.com.au/images/1005/226199.jpg?impolicy=wowsmkqiema&w=260&h=260,$7.50,,$0.34 / 1EA, Add to cart , Save to list 
Lipton No Sugar Lemon Flavour Iced Tea 1.5l,https://www.woolworths.com.au/shop/productdetails/221228/lipton-no-sugar-lemon-flavour-iced-tea,https://www.woolworths.com.au/content/promotiontags/roundel-buy-more-save-more-200x200.png,https://assets.woolworths.com.au/images/1005/221228.jpg?impolicy=wowsmkqiema&w=260&h=260,$5.00,,$3.33 / 1L, Add to cart , Save to list 
Nudie Nothing But Oranges With Pulp 1l,https://www.woolworths.com.au/shop/productdetails/739970/nudie-nothing-but-oranges-with-pulp,,https://assets.woolworths.com.au/images/1005/739970.jpg?impolicy=wowsmkqiema&w=260&h=260,$6.00,,$6.00 / 1L, Add to cart , Save to list 
Twinings Live Well Defence Tea Bags 20 Pack,https://www.woolworths.com.au/shop/productdetails/226591/twinings-live-well-defence-tea-bags,,https://assets.woolworths.com.au/images/1005/226591.jpg?impolicy=wowsmkqiema&w=260&h=260,$7.50,,$0.38 / 1EA, Add to cart , Save to list 
Cottee's Cordial Fruit Cup 1l,https://www.woolworths.com.au/shop/productdetails/362461/cottees-cordial-fruit-cup,https://www.woolworths.com.au/content/promotiontags/roundel-special-200x200.png,https://assets.woolworths.com.au/images/1005/362461.jpg?impolicy=wowsmkqiema&w=260&h=260,$4.50,$5.90,$4.50 / 1L, Add to cart , Save to list 
Tetley Green Tea Bags 100 Pack,https://www.woolworths.com.au/shop/productdetails/210290/tetley-green-tea-bags,https://www.woolworths.com.au/content/promotiontags/roundel-special-200x200.png,https://assets.woolworths.com.au/images/1005/210290.jpg?impolicy=wowsmkqiema&w=260&h=260,$6.20,$9.00,$0.06 / 1EA, Add to cart , Save to list 
Pips Apple Raspberry Flavoured Cordial 1l,https://www.woolworths.com.au/shop/productdetails/149281/pips-apple-raspberry-flavoured-cordial,,https://assets.woolworths.com.au/images/1005/149281.jpg?impolicy=wowsmkqiema&w=260&h=260,$2.20,,$2.20 / 1L, Add to cart , Save to list 
Nescafe Coffee Sachets Strong Cappuccino 10 Pack,https://www.woolworths.com.au/shop/productdetails/259079/nescafe-coffee-sachets-strong-cappuccino,https://www.woolworths.com.au/content/promotiontags/roundel-half-price-200x200.png,https://assets.woolworths.com.au/images/1005/259079.jpg?impolicy=wowsmkqiema&w=260&h=260,$3.80,$7.60,$0.38 / 1EA, Add to cart , Save to list 
Pips Cordial Fruit Cup Crush Double Concentrate 1l,https://www.woolworths.com.au/shop/productdetails/150073/pips-cordial-fruit-cup-crush-double-concentrate,,https://assets.woolworths.com.au/images/1005/150073.jpg?impolicy=wowsmkqiema&w=260&h=260,$2.20,,$2.20 / 1L, Add to cart , Save to list 
Saxbys Ginger Beer 375ml X4 Pack,https://www.woolworths.com.au/shop/productdetails/225298/saxbys-ginger-beer,https://www.woolworths.com.au/content/promotiontags/local-seals-nsw.png,https://assets.woolworths.com.au/images/1005/225298.jpg?impolicy=wowsmkqiema&w=260&h=260,$6.00,,$4.00 / 1L, Add to cart , Save to list 
Prima No Added Sugar Drink Apple Blackcurrant 6 X200ml,https://www.woolworths.com.au/shop/productdetails/37861/prima-no-added-sugar-drink-apple-blackcurrant,,https://assets.woolworths.com.au/images/1005/37861.jpg?impolicy=wowsmkqiema&w=260&h=260,$3.60,,$3.00 / 1L, Add to cart , Save to list 
Twinings Pure Peppermint Tea Bags 40 Pack,https://www.woolworths.com.au/shop/productdetails/89853/twinings-pure-peppermint-tea-bags,,https://assets.woolworths.com.au/images/1005/89853.jpg?impolicy=wowsmkqiema&w=260&h=260,$7.50,,$0.19 / 1EA, Add to cart , Save to list 
Red Bull Energy Drink 473ml X4 Pack,https://www.woolworths.com.au/shop/productdetails/679135/red-bull-energy-drink,,https://assets.woolworths.com.au/images/1005/679135.jpg?impolicy=wowsmkqiema&w=260&h=260,$18.00,,$9.51 / 1L, Add to cart , Save to list 
Bickford's Blackcurrant Fruit Juice Syrup 750ml,https://www.woolworths.com.au/shop/productdetails/691315/bickford-s-blackcurrant-fruit-juice-syrup,,https://assets.woolworths.com.au/images/1005/691315.jpg?impolicy=wowsmkqiema&w=260&h=260,$6.00,,$8.00 / 1L, Add to cart , Save to list 
Fanta Orange Soft Drink Mini Cans 250ml X 6 Pack,https://www.woolworths.com.au/shop/productdetails/245069/fanta-orange-soft-drink-mini-cans,https://www.woolworths.com.au/content/promotiontags/roundel-buy-more-save-more-200x200.png,https://assets.woolworths.com.au/images/1005/245069.jpg?impolicy=wowsmkqiema&w=260&h=260,$9.20,,$6.13 / 1L, Add to cart , Save to list 
Nexba Rose Lemonade Sugar-free Kombucha 330ml X 4 Pack,https://www.woolworths.com.au/shop/productdetails/23766/nexba-rose-lemonade-sugar-free-kombucha,https://www.woolworths.com.au/content/promotiontags/local-seals-nsw.png,https://assets.woolworths.com.au/images/1005/23766.jpg?impolicy=wowsmkqiema&w=260&h=260,$8.75,,$6.63 / 1L, Add to cart , Save to list 
Living Planet Uht Goats Milk 1l,https://www.woolworths.com.au/shop/productdetails/721421/living-planet-uht-goats-milk,,https://assets.woolworths.com.au/images/1005/721421.jpg?impolicy=wowsmkqiema&w=260&h=260,$4.70,,$4.70 / 1L, Add to cart , Save to list 
Monster Energy Mango Loco Can 500ml,https://www.woolworths.com.au/shop/productdetails/698612/monster-energy-mango-loco-can,https://www.woolworths.com.au/content/promotiontags/roundel-special-200x200.png,https://assets.woolworths.com.au/images/1005/698612.jpg?impolicy=wowsmkqiema&w=260&h=260,$2.85,$3.85,$5.70 / 1L, Add to cart , Save to list 
Madura Premium Blend Tea Bags 50 Pack 100g,https://www.woolworths.com.au/shop/productdetails/24833/madura-premium-blend-tea-bags,,https://assets.woolworths.com.au/images/1005/24833.jpg?impolicy=wowsmkqiema&w=260&h=260,$5.45,,$0.11 / 1EA, Add to cart , Save to list 
Nature's Cuppa Organic Ceylon Premium Tea Bags 120 Pack,https://www.woolworths.com.au/shop/productdetails/183861/nature-s-cuppa-organic-ceylon-premium-tea-bags,,https://assets.woolworths.com.au/images/1005/183861.jpg?impolicy=wowsmkqiema&w=260&h=260,$10.00,,$0.08 / 1EA, Add to cart , Save to list 
Woolworths Nespresso Compatible Coffee Capsules Medium 10 Pack,https://www.woolworths.com.au/shop/productdetails/434917/woolworths-nespresso-compatible-coffee-capsules-medium,,https://assets.woolworths.com.au/images/1005/434917.jpg?impolicy=wowsmkqiema&w=260&h=260,$3.80,,$0.38 / 1EA, Add to cart , Save to list 
Golden Circle Apple Juice No Added Sugar Fruit Juices Breakfast 3l,https://www.woolworths.com.au/shop/productdetails/825107/golden-circle-apple-juice-no-added-sugar-fruit-juices-breakfast,,https://assets.woolworths.com.au/images/1005/825107.jpg?impolicy=wowsmkqiema&w=260&h=260,$5.50,,$1.83 / 1L, Add to cart , Save to list 
V Energy Refresh Pineapple & Watermelon Zero Sugar Can 250ml,https://www.woolworths.com.au/shop/productdetails/228006/v-energy-refresh-pineapple-watermelon-zero-sugar-can,,https://assets.woolworths.com.au/images/1005/228006.jpg?impolicy=wowsmkqiema&w=260&h=260,$2.50,,$10.00 / 1L, Add to cart , Save to list 
Twinings Live Well Focus Tea Bags 22 Pack,https://www.woolworths.com.au/shop/productdetails/225618/twinings-live-well-focus-tea-bags,,https://assets.woolworths.com.au/images/1005/225618.jpg?impolicy=wowsmkqiema&w=260&h=260,$7.50,,$0.34 / 1EA, Add to cart , Save to list 
Vittoria Mountain Grown Nespresso Compatible Coffee Capsules 40 Pack,https://www.woolworths.com.au/shop/productdetails/121229/vittoria-mountain-grown-nespresso-compatible-coffee-capsules,,https://assets.woolworths.com.au/images/1005/121229.jpg?impolicy=wowsmkqiema&w=260&h=260,$21.00,,$0.53 / 1EA, Add to cart , Save to list 
Golden Circle Fruit Drinks Lunch Box Poppers Multipack Pineapple Burst 250ml X6 Pack,https://www.woolworths.com.au/shop/productdetails/700482/golden-circle-fruit-drinks-lunch-box-poppers-multipack-pineapple-burst,,https://assets.woolworths.com.au/images/1005/700482.jpg?impolicy=wowsmkqiema&w=260&h=260,$5.10,,$3.40 / 1L, Add to cart , Save to list 
Moccona Ristretto 200g,https://www.woolworths.com.au/shop/productdetails/6247/moccona-ristretto,,https://assets.woolworths.com.au/images/1005/6247.jpg?impolicy=wowsmkqiema&w=260&h=260,$17.00,,$8.50 / 100G, Add to cart , Save to list 
Red Bull Energy Drink Zero 4x250ml,https://www.woolworths.com.au/shop/productdetails/767252/red-bull-energy-drink-zero,https://www.woolworths.com.au/content/promotiontags/roundel-special-200x200.png,https://assets.woolworths.com.au/images/1005/767252.jpg?impolicy=wowsmkqiema&w=260&h=260,$7.20,$12.00,$7.20 / 1L, Add to cart , Save to list 
Bundaberg Diet Ginger Beer 375ml X4 Pack,https://www.woolworths.com.au/shop/productdetails/886808/bundaberg-diet-ginger-beer,,https://assets.woolworths.com.au/images/1005/886808.jpg?impolicy=wowsmkqiema&w=260&h=260,$7.00,,$4.67 / 1L, Add to cart , Save to list 
P&n Tropical Fruit Juice 2l,https://www.woolworths.com.au/shop/productdetails/228008/p-n-tropical-fruit-juice,,https://assets.woolworths.com.au/images/1005/228008.jpg?impolicy=wowsmkqiema&w=260&h=260,$3.00,,$1.50 / 1L, Add to cart , Save to list 
Diet Rite Lemonade With Natural Flavour No Sugar 1.25l,https://www.woolworths.com.au/shop/productdetails/222649/diet-rite-lemonade-with-natural-flavour-no-sugar,,https://assets.woolworths.com.au/images/1005/222649.jpg?impolicy=wowsmkqiema&w=260&h=260,$1.55,,$1.24 / 1L, Add to cart , Save to list 
Liddells Lactose Free Chocolate Milk 3x250ml,https://www.woolworths.com.au/shop/productdetails/821283/liddells-lactose-free-chocolate-milk,,https://assets.woolworths.com.au/images/1005/821283.jpg?impolicy=wowsmkqiema&w=260&h=260,$5.15,,$6.87 / 1L, Add to cart , Save to list 
Cottee's Cordial Zero Sugar Raspberry 1l,https://www.woolworths.com.au/shop/productdetails/159991/cottees-cordial-zero-sugar-raspberry,https://www.woolworths.com.au/content/promotiontags/roundel-special-200x200.png,https://assets.woolworths.com.au/images/1005/159991.jpg?impolicy=wowsmkqiema&w=260&h=260,$4.50,$5.90,$4.50 / 1L, Add to cart , Save to list 
Daily Juice Breakfast A C & E Juice 2l,https://www.woolworths.com.au/shop/productdetails/229030/daily-juice-breakfast-a-c-e-juice,,https://assets.woolworths.com.au/images/1005/229030.jpg?impolicy=wowsmkqiema&w=260&h=260,$5.00,,$2.50 / 1L, Add to cart , Save to list 
Bickford's Super Berry Juice 1l,https://www.woolworths.com.au/shop/productdetails/700504/bickford-s-super-berry-juice,https://www.woolworths.com.au/content/promotiontags/roundel-special-200x200.png,https://assets.woolworths.com.au/images/1005/700504.jpg?impolicy=wowsmkqiema&w=260&h=260,$5.50,$6.50,$5.50 / 1L, Add to cart , Save to list 
Woolworths 100% Prune Juice 1l,https://www.woolworths.com.au/shop/productdetails/80569/woolworths-100-prune-juice,,https://assets.woolworths.com.au/images/1005/80569.jpg?impolicy=wowsmkqiema&w=260&h=260,$4.50,,$4.50 / 1L, Add to cart , Save to list 
Ocean Spray Low Sugar Cranberry Classic Juice Drink 1.5l,https://www.woolworths.com.au/shop/productdetails/880873/ocean-spray-low-sugar-cranberry-classic-juice-drink,,https://assets.woolworths.com.au/images/1005/880873.jpg?impolicy=wowsmkqiema&w=260&h=260,$6.40,,$4.27 / 1L, Add to cart , Save to list 
Vittoria Coffee Bags Italian 20 Pack,https://www.woolworths.com.au/shop/productdetails/157685/vittoria-coffee-bags-italian,https://www.woolworths.com.au/content/promotiontags/roundel-special-200x200.png,https://assets.woolworths.com.au/images/1005/157685.jpg?impolicy=wowsmkqiema&w=260&h=260,$10.00,$12.50,$0.50 / 1EA, Add to cart , Save to list 
Vittoria Coffee Bags Mountain Grown 20 Pack,https://www.woolworths.com.au/shop/productdetails/157464/vittoria-coffee-bags-mountain-grown,https://www.woolworths.com.au/content/promotiontags/roundel-special-200x200.png,https://assets.woolworths.com.au/images/1005/157464.jpg?impolicy=wowsmkqiema&w=260&h=260,$10.00,$12.50,$0.50 / 1EA, Add to cart , Save to list 
Vittoria Italian Ground 500g,https://www.woolworths.com.au/shop/productdetails/692561/vittoria-italian-ground,,https://assets.woolworths.com.au/images/1005/692561.jpg?impolicy=wowsmkqiema&w=260&h=260,$13.00,,$2.60 / 100G, Add to cart , Save to list 
Nescafe Coffee Sachets Strong Cappuccino 26 Pack,https://www.woolworths.com.au/shop/productdetails/549624/nescafe-coffee-sachets-strong-cappuccino,,https://assets.woolworths.com.au/images/1005/549624.jpg?impolicy=wowsmkqiema&w=260&h=260,$11.00,,$0.42 / 1EA, Add to cart , Save to list 
Madura Organic English Breakfast Tea Bags 100ea,https://www.woolworths.com.au/shop/productdetails/427868/madura-organic-english-breakfast-tea-bags,,https://assets.woolworths.com.au/images/1005/427868.jpg?impolicy=wowsmkqiema&w=260&h=260,$12.00,,$0.12 / 1EA, Add to cart , Save to list 
Diet Rite Apple Strawberry Guava Cordial 1l,https://www.woolworths.com.au/shop/productdetails/574786/diet-rite-apple-strawberry-guava-cordial,,https://assets.woolworths.com.au/images/1005/574786.jpg?impolicy=wowsmkqiema&w=260&h=260,$3.50,,$3.50 / 1L, Add to cart , Save to list 
Golden Circle Cordials Pine Mango Passion Cordial 2l,https://www.woolworths.com.au/shop/productdetails/311159/golden-circle-cordials-pine-mango-passion-cordial,,https://assets.woolworths.com.au/images/1005/311159.jpg?impolicy=wowsmkqiema&w=260&h=260,$5.00,,$2.50 / 1L, Add to cart , Save to list 
Golden Circle Cordials Orange Cordial 2l,https://www.woolworths.com.au/shop/productdetails/40445/golden-circle-cordials-orange-cordial,,https://assets.woolworths.com.au/images/1005/40445.jpg?impolicy=wowsmkqiema&w=260&h=260,$5.00,,$2.50 / 1L, Add to cart , Save to list 
Moccona Coffee Sachets Latte 10 Pack,https://www.woolworths.com.au/shop/productdetails/174480/moccona-coffee-sachets-latte,https://www.woolworths.com.au/content/promotiontags/roundel-special-200x200.png,https://assets.woolworths.com.au/images/1005/174480.jpg?impolicy=wowsmkqiema&w=260&h=260,$3.50,$6.00,$0.35 / 1EA, Add to cart , Save to list 
Moccona Coffee Sachets Strong Cappuccino 10 Pack,https://www.woolworths.com.au/shop/productdetails/174190/moccona-coffee-sachets-strong-cappuccino,https://www.woolworths.com.au/content/promotiontags/roundel-special-200x200.png,https://assets.woolworths.com.au/images/1005/174190.jpg?impolicy=wowsmkqiema&w=260&h=260,$3.50,$6.00,$0.35 / 1EA, Add to cart , Save to list 
Bundaberg Passionfruit Sparkling Drink 200ml X6 Pack,https://www.woolworths.com.au/shop/productdetails/173945/bundaberg-passionfruit-sparkling-drink,,https://assets.woolworths.com.au/images/1005/173945.jpg?impolicy=wowsmkqiema&w=260&h=260,$7.40,,$6.17 / 1L, Add to cart , Save to list 
Naked Life Non Alcoholic Yuzu Sake 250ml X4 Pack,https://www.woolworths.com.au/shop/productdetails/179688/naked-life-non-alcoholic-yuzu-sake,https://www.woolworths.com.au/content/promotiontags/roundel-special-200x200.png,https://assets.woolworths.com.au/images/1005/179688.jpg?impolicy=wowsmkqiema&w=260&h=260,$12.00,$15.00,$12.00 / 1L, Add to cart , Save to list 
Pips Cordial Lime Double Concentrate 1l,https://www.woolworths.com.au/shop/productdetails/149010/pips-cordial-lime-double-concentrate,,https://assets.woolworths.com.au/images/1005/149010.jpg?impolicy=wowsmkqiema&w=260&h=260,$2.20,,$2.20 / 1L, Add to cart , Save to list 
The Juice Brothers Orange 1.5l,https://www.woolworths.com.au/shop/productdetails/681284/the-juice-brothers-orange,https://www.woolworths.com.au/content/promotiontags/local-seals-nsw.png,https://assets.woolworths.com.au/images/1005/681284.jpg?impolicy=wowsmkqiema&w=260&h=260,$6.00,,$4.00 / 1L, Add to cart , Save to list 
Fanta Orange No Sugar Soft Drink Mini Cans 250ml X 6 Pack,https://www.woolworths.com.au/shop/productdetails/244886/fanta-orange-no-sugar-soft-drink-mini-cans,https://www.woolworths.com.au/content/promotiontags/roundel-buy-more-save-more-200x200.png,https://assets.woolworths.com.au/images/1005/244886.jpg?impolicy=wowsmkqiema&w=260&h=260,$9.20,,$6.13 / 1L, Add to cart , Save to list 
Nescafe Coffee Sachets Mocha 10 Pack,https://www.woolworths.com.au/shop/productdetails/226106/nescafe-coffee-sachets-mocha-mocha,https://www.woolworths.com.au/content/promotiontags/roundel-half-price-200x200.png,https://assets.woolworths.com.au/images/1005/226106.jpg?impolicy=wowsmkqiema&w=260&h=260,$3.80,$7.60,$0.38 / 1EA, Add to cart , Save to list 
Vittoria Family Cup Nespresso Compatible Coffee Capsules Pack 10,https://www.woolworths.com.au/shop/productdetails/91420/vittoria-family-cup-nespresso-compatible-coffee-capsules,,https://assets.woolworths.com.au/images/1005/91420.jpg?impolicy=wowsmkqiema&w=260&h=260,$7.50,,$0.75 / 1EA, Add to cart , Save to list 
Naked Life Non Alcoholic Italian Spritz 250ml X4 Pack,https://www.woolworths.com.au/shop/productdetails/179818/naked-life-non-alcoholic-italian-spritz,https://www.woolworths.com.au/content/promotiontags/roundel-special-200x200.png,https://assets.woolworths.com.au/images/1005/179818.jpg?impolicy=wowsmkqiema&w=260&h=260,$12.00,$15.00,$12.00 / 1L, Add to cart , Save to list 
Nescafe Gold Original 400g,https://www.woolworths.com.au/shop/productdetails/242184/nescafe-gold-original,,https://assets.woolworths.com.au/images/1005/242184.jpg?impolicy=wowsmkqiema&w=260&h=260,$28.00,,$7.00 / 100G, Add to cart , Save to list 
Nudie 100% Orange Juice 400ml,https://www.woolworths.com.au/shop/productdetails/701518/nudie-100-orange-juice,https://www.woolworths.com.au/content/promotiontags/roundel-special-200x200.png,https://assets.woolworths.com.au/images/1005/701518.jpg?impolicy=wowsmkqiema&w=260&h=260,$3.50,$3.90,$8.75 / 1L, Add to cart , Save to list 
A2 Milk Full Cream Uht Milk 1l,https://www.woolworths.com.au/shop/productdetails/207328/a2-milk-full-cream-uht-milk,,https://assets.woolworths.com.au/images/1005/207328.jpg?impolicy=wowsmkqiema&w=260&h=260,$3.50,,$3.50 / 1L, Add to cart , Save to list 
Original Juice Grapefruit Juice 1.5l,https://www.woolworths.com.au/shop/productdetails/106351/original-juice-grapefruit-juice,https://www.woolworths.com.au/content/promotiontags/roundel-special-200x200.png,https://assets.woolworths.com.au/images/1005/106351.jpg?impolicy=wowsmkqiema&w=260&h=260,$5.00,$6.00,$3.33 / 1L, Add to cart , Save to list 
Twinings Asha Spiced Ginger Cardamom & Cinnamon Tea 18 Pack,https://www.woolworths.com.au/shop/productdetails/184985/twinings-asha-spiced-ginger-cardamom-cinnamon-tea,,https://assets.woolworths.com.au/images/1005/184985.jpg?impolicy=wowsmkqiema&w=260&h=260,$8.50,,$0.47 / 1EA, Add to cart , Save to list 
Mother Energy Drink Original Multipack Cans 500ml X4 Pack,https://www.woolworths.com.au/shop/productdetails/324461/mother-energy-drink-original-multipack-cans,https://www.woolworths.com.au/content/promotiontags/roundel-special-200x200.png,https://assets.woolworths.com.au/images/1005/324461.jpg?impolicy=wowsmkqiema&w=260&h=260,$8.35,$11.95,$4.18 / 1L, Add to cart , Save to list 
Illy Classico Espresso Capsules 10 Pack,https://www.woolworths.com.au/shop/productdetails/55934/illy-classico-espresso-capsules,https://www.woolworths.com.au/content/promotiontags/online-only-special-green-roundel.png,https://assets.woolworths.com.au/images/1005/55934.jpg?impolicy=wowsmkqiema&w=260&h=260,$8.00,,$0.80 / 1EA, Add to cart , Save to list 
Original Juice Orange Juice 600ml,https://www.woolworths.com.au/shop/productdetails/159977/original-juice-orange-juice,,https://assets.woolworths.com.au/images/1005/159977.jpg?impolicy=wowsmkqiema&w=260&h=260,$3.50,,$5.83 / 1L, Add to cart , Save to list 
Illy Espresso Forte Capsules 10 Pack,https://www.woolworths.com.au/shop/productdetails/55936/illy-espresso-forte-capsules,https://www.woolworths.com.au/content/promotiontags/online-only-special-green-roundel.png,https://assets.woolworths.com.au/images/1005/55936.jpg?impolicy=wowsmkqiema&w=260&h=260,$8.00,,$0.80 / 1EA, Add to cart , Save to list 
Moccona Coffee Sachets Vanilla Latte 10 Pack,https://www.woolworths.com.au/shop/productdetails/175526/moccona-coffee-sachets-vanilla-latte,https://www.woolworths.com.au/content/promotiontags/roundel-special-200x200.png,https://assets.woolworths.com.au/images/1005/175526.jpg?impolicy=wowsmkqiema&w=260&h=260,$3.50,$6.00,$0.35 / 1EA, Add to cart , Save to list 
Lo Bros Kombucha Passionfruit 330ml,https://www.woolworths.com.au/shop/productdetails/101532/lo-bros-kombucha-passionfruit,,https://assets.woolworths.com.au/images/1005/101532.jpg?impolicy=wowsmkqiema&w=260&h=260,$4.00,,$12.12 / 1L, Add to cart , Save to list 
L'or Espresso Intense Collection Variety Coffee Capsules 40 Pack,https://www.woolworths.com.au/shop/productdetails/159369/l-or-espresso-intense-collection-variety-coffee-capsules,https://www.woolworths.com.au/content/promotiontags/final_only_at_woolworths_roundel_200x200.png,https://assets.woolworths.com.au/images/1005/159369.jpg?impolicy=wowsmkqiema&w=260&h=260,$22.00,,$0.55 / 1EA, Add to cart , Save to list 
L'or Espresso Decaf Ristretto Intensity 9 Coffee Capsules 10 Pack,https://www.woolworths.com.au/shop/productdetails/687774/l-or-espresso-decaf-ristretto-intensity-9-coffee-capsules,,https://assets.woolworths.com.au/images/1005/687774.jpg?impolicy=wowsmkqiema&w=260&h=260,$7.50,,$0.75 / 1EA, Add to cart , Save to list 
Bushells Lan Choo Loose Leaf Tea 250g,https://www.woolworths.com.au/shop/productdetails/33811/bushells-lan-choo-loose-leaf-tea,,https://assets.woolworths.com.au/images/1005/33811.jpg?impolicy=wowsmkqiema&w=260&h=260,$3.60,,$1.44 / 100G, Add to cart , Save to list 
Suntory Boss Coffee Iced Vanilla Latte Cans 237ml X4 Pack,https://www.woolworths.com.au/shop/productdetails/222977/suntory-boss-coffee-iced-vanilla-latte-cans,,https://assets.woolworths.com.au/images/1005/222977.jpg?impolicy=wowsmkqiema&w=260&h=260,$12.60,,$13.29 / 1L, Add to cart , Save to list 
Spc Spc Pear Juice Can 850ml,https://www.woolworths.com.au/shop/productdetails/59298/spc-pear-juice-can,,https://assets.woolworths.com.au/images/1005/59298.jpg?impolicy=wowsmkqiema&w=260&h=260,$3.60,,$4.24 / 1L, Add to cart , Save to list 
Pepsi Max Cans 24x375ml,https://www.woolworths.com.au/shop/productdetails/54291/pepsi-max-cans,,https://assets.woolworths.com.au/images/1005/54291.jpg?impolicy=wowsmkqiema&w=260&h=260,,,,, Save to list 
Pepsi Max Bottles 300ml X4 Pack,https://www.woolworths.com.au/shop/productdetails/61962/pepsi-max-bottles,,https://assets.woolworths.com.au/images/1005/61962.jpg?impolicy=wowsmkqiema&w=260&h=260,$7.00,,$5.83 / 1L, Add to cart , Save to list 
L'or Espresso Onyx Intensity 12 Coffee Capsules 10 Pack,https://www.woolworths.com.au/shop/productdetails/603805/l-or-espresso-onyx-intensity-12-coffee-capsules,,https://assets.woolworths.com.au/images/1005/603805.jpg?impolicy=wowsmkqiema&w=260&h=260,$7.50,,$0.75 / 1EA, Add to cart , Save to list 
Lavazza Espresso Intenso Nespresso Compatible Coffee Capsules 10 Pack,https://www.woolworths.com.au/shop/productdetails/221028/lavazza-espresso-intenso-nespresso-compatible-coffee-capsules,,https://assets.woolworths.com.au/images/1005/221028.jpg?impolicy=wowsmkqiema&w=260&h=260,$6.90,,$0.69 / 1EA, Add to cart , Save to list 
Golden Circle Berry Burst Refreshers Popper Low Sugar Flavoured Water 250ml X6 Pack,https://www.woolworths.com.au/shop/productdetails/230136/golden-circle-berry-burst-refreshers-popper-low-sugar-flavoured-water,https://www.woolworths.com.au/content/promotiontags/roundel-special-200x200.png,https://assets.woolworths.com.au/images/1005/230136.jpg?impolicy=wowsmkqiema&w=260&h=260,$4.60,$5.80,$3.07 / 1L, Add to cart , Save to list 
Tru Blu Pub Squash Lemon Soda Squash Cans 12 X375ml,https://www.woolworths.com.au/shop/productdetails/221078/tru-blu-pub-squash-lemon-soda-squash-cans,,https://assets.woolworths.com.au/images/1005/221078.jpg?impolicy=wowsmkqiema&w=260&h=260,$8.00,,$1.78 / 1L, Add to cart , Save to list 
Prima No Added Sugar Drink Tropical 6 X200ml,https://www.woolworths.com.au/shop/productdetails/37942/prima-no-added-sugar-drink-tropical,,https://assets.woolworths.com.au/images/1005/37942.jpg?impolicy=wowsmkqiema&w=260&h=260,$3.60,,$3.00 / 1L, Add to cart , Save to list 
Nestle Skim Sweetened Condensed Milk 410g,https://www.woolworths.com.au/shop/productdetails/151067/nestle-skim-sweetened-condensed-milk,,https://assets.woolworths.com.au/images/1005/151067.jpg?impolicy=wowsmkqiema&w=260&h=260,$3.80,,$0.93 / 100G, Add to cart , Save to list 
Golden Circle Breakfast Juice No Added Sugar Pineapple Fruit Juice 2l,https://www.woolworths.com.au/shop/productdetails/155618/golden-circle-breakfast-juice-no-added-sugar-pineapple-fruit-juice,,https://assets.woolworths.com.au/images/1005/155618.jpg?impolicy=wowsmkqiema&w=260&h=260,$4.80,,$2.40 / 1L, Add to cart , Save to list 
Golden Circle Orange Burst Fruit Drink Breakfast Drink 1l,https://www.woolworths.com.au/shop/productdetails/32747/golden-circle-orange-burst-fruit-drink-breakfast-drink,,https://assets.woolworths.com.au/images/1005/32747.jpg?impolicy=wowsmkqiema&w=260&h=260,$2.70,,$2.70 / 1L, Add to cart , Save to list 
Vittoria Espressotoria Maragogype Coffee Capsules 12 Pack,https://www.woolworths.com.au/shop/productdetails/32182/vittoria-espressotoria-maragogype-coffee-capsules,https://www.woolworths.com.au/content/promotiontags/roundel-special-200x200.png,https://assets.woolworths.com.au/images/1005/32182.jpg?impolicy=wowsmkqiema&w=260&h=260,$7.00,$10.00,$0.58 / 1EA, Add to cart , Save to list 
Arkadia Chai Tea Spice Sachets 20 Pack,https://www.woolworths.com.au/shop/productdetails/577085/arkadia-chai-tea-spice-sachets,,https://assets.woolworths.com.au/images/1005/577085.jpg?impolicy=wowsmkqiema&w=260&h=260,$13.00,,$0.65 / 1EA, Add to cart , Save to list 
L'or Espresso Supremo Intensity 10 Coffee Capsules 40 Pack,https://www.woolworths.com.au/shop/productdetails/160752/l-or-espresso-supremo-intensity-10-coffee-capsules,,https://assets.woolworths.com.au/images/1005/160752.jpg?impolicy=wowsmkqiema&w=260&h=260,$22.00,,$0.55 / 1EA, Add to cart , Save to list 
Avalanche Hot Chocolate 10 Pack,https://www.woolworths.com.au/shop/productdetails/692623/avalanche-hot-chocolate,https://www.woolworths.com.au/content/promotiontags/roundel-special-200x200.png,https://assets.woolworths.com.au/images/1005/692623.jpg?impolicy=wowsmkqiema&w=260&h=260,$4.40,$5.50,$2.20 / 100G, Add to cart , Save to list 
Arkadia Chai Tea Low Sugar 240g,https://www.woolworths.com.au/shop/productdetails/94606/arkadia-chai-tea-low-sugar,,https://assets.woolworths.com.au/images/1005/94606.jpg?impolicy=wowsmkqiema&w=260&h=260,$7.00,,$2.92 / 100G, Add to cart , Save to list 
Heineken Alcohol Free Pure Malt Lager Bottles 330ml X6 Pack,https://www.woolworths.com.au/shop/productdetails/986011/heineken-alcohol-free-pure-malt-lager-bottles,https://www.woolworths.com.au/content/promotiontags/roundel-special-200x200.png,https://assets.woolworths.com.au/images/1005/986011.jpg?impolicy=wowsmkqiema&w=260&h=260,$12.00,$15.00,$6.06 / 1L, Add to cart , Save to list 
"Nudie Immunity Hit Beetroot, Carrot, Orange, Pear & Ginger 1l",https://www.woolworths.com.au/shop/productdetails/190178/nudie-immunity-hit-beetroot-carrot-orange-pear-ginger,,https://assets.woolworths.com.au/images/1005/190178.jpg?impolicy=wowsmkqiema&w=260&h=260,$6.00,,$6.00 / 1L, Add to cart , Save to list 
Arizona Iced Tea Peach 1.5l,https://www.woolworths.com.au/shop/productdetails/69391/arizona-iced-tea-peach,,https://assets.woolworths.com.au/images/1005/69391.jpg?impolicy=wowsmkqiema&w=260&h=260,$4.70,,$3.13 / 1L, Add to cart , Save to list 
Nescafe Coffee Sachets Hazelnut Latte 26 Pack,https://www.woolworths.com.au/shop/productdetails/549619/nescafe-coffee-sachets-hazelnut-latte-hazelnut,,https://assets.woolworths.com.au/images/1005/549619.jpg?impolicy=wowsmkqiema&w=260&h=260,$11.00,,$0.42 / 1EA, Add to cart , Save to list 
Moccona Coffee Sachets Cappuccino 30 Pack,https://www.woolworths.com.au/shop/productdetails/175685/moccona-coffee-sachets-cappuccino,,https://assets.woolworths.com.au/images/1005/175685.jpg?impolicy=wowsmkqiema&w=260&h=260,$12.00,,$0.40 / 1EA, Add to cart , Save to list 
Just Juice Paradise Punch 6x200ml,https://www.woolworths.com.au/shop/productdetails/315797/just-juice-paradise-punch,,https://assets.woolworths.com.au/images/1005/315797.jpg?impolicy=wowsmkqiema&w=260&h=260,$5.00,,$4.17 / 1L, Add to cart , Save to list 
Woolworths No Added Sugar Tomato Juice 1l,https://www.woolworths.com.au/shop/productdetails/59722/woolworths-no-added-sugar-tomato-juice,,https://assets.woolworths.com.au/images/1005/59722.jpg?impolicy=wowsmkqiema&w=260&h=260,$2.10,,$2.10 / 1L, Add to cart , Save to list 
Jarrah Hot Chocolate 285g,https://www.woolworths.com.au/shop/productdetails/42348/jarrah-hot-chocolate-drinking-chocolate,,https://assets.woolworths.com.au/images/1005/42348.jpg?impolicy=wowsmkqiema&w=260&h=260,$8.50,,$2.98 / 100G, Add to cart , Save to list 
Nescafe Coffee Sachets Decaf Cappuccino 10 Pack,https://www.woolworths.com.au/shop/productdetails/22780/nescafe-coffee-sachets-decaf-cappuccino,https://www.woolworths.com.au/content/promotiontags/roundel-half-price-200x200.png,https://assets.woolworths.com.au/images/1005/22780.jpg?impolicy=wowsmkqiema&w=260&h=260,$3.80,$7.60,$0.38 / 1EA, Add to cart , Save to list 
Remedy Organic Kombucha Raspberry Lemonade 1.25l,https://www.woolworths.com.au/shop/productdetails/113011/remedy-organic-kombucha-raspberry-lemonade,https://www.woolworths.com.au/content/promotiontags/roundel-special-200x200.png,https://assets.woolworths.com.au/images/1005/113011.jpg?impolicy=wowsmkqiema&w=260&h=260,$6.00,$8.75,$4.80 / 1L, Add to cart , Save to list 
Essentials Instant Coffee Granulated 200g,https://www.woolworths.com.au/shop/productdetails/17950/essentials-instant-coffee-granulated,,https://assets.woolworths.com.au/images/1005/17950.jpg?impolicy=wowsmkqiema&w=260&h=260,$3.70,,$1.85 / 100G, Add to cart , Save to list 
Remedy Kombucha Raspberry Lemonade 330ml,https://www.woolworths.com.au/shop/productdetails/624289/remedy-kombucha-raspberry-lemonade,https://www.woolworths.com.au/content/promotiontags/roundel-special-200x200.png,https://assets.woolworths.com.au/images/1005/624289.jpg?impolicy=wowsmkqiema&w=260&h=260,$2.70,$4.20,$8.18 / 1L, Add to cart , Save to list 
Coca-cola Classic Soft Drink Bottle 600ml,https://www.woolworths.com.au/shop/productdetails/93167/coca-cola-classic-soft-drink-bottle,https://www.woolworths.com.au/content/promotiontags/chilled-roundel.png,https://assets.woolworths.com.au/images/1005/93167.jpg?impolicy=wowsmkqiema&w=260&h=260,$4.05,,$6.75 / 1L, Add to cart , Save to list 
Sanitarium So Good Long Life Unsweetened Almond Milk 250ml X3 Pack,https://www.woolworths.com.au/shop/productdetails/807459/sanitarium-so-good-long-life-unsweetened-almond-milk,,https://assets.woolworths.com.au/images/1005/807459.jpg?impolicy=wowsmkqiema&w=260&h=260,$4.60,,$6.13 / 1L, Add to cart , Save to list 
Nudie Nothing But Oranges Pulp Free Juice 1l,https://www.woolworths.com.au/shop/productdetails/801811/nudie-nothing-but-oranges-pulp-free-juice,,https://assets.woolworths.com.au/images/1005/801811.jpg?impolicy=wowsmkqiema&w=260&h=260,$6.00,,$6.00 / 1L, Add to cart , Save to list 
Golden Circle Cordials Lemon Cordial 2l,https://www.woolworths.com.au/shop/productdetails/688560/golden-circle-cordials-lemon-cordial,,https://assets.woolworths.com.au/images/1005/688560.jpg?impolicy=wowsmkqiema&w=260&h=260,$5.00,,$2.50 / 1L, Add to cart , Save to list 
Vittoria Espresso Beans 500g,https://www.woolworths.com.au/shop/productdetails/167556/vittoria-espresso-beans,,https://assets.woolworths.com.au/images/1005/167556.jpg?impolicy=wowsmkqiema&w=260&h=260,$20.00,,$4.00 / 100G, Add to cart , Save to list 
Sunraysia Natural Prune Juice 250ml,https://www.woolworths.com.au/shop/productdetails/75396/sunraysia-natural-prune-juice,,https://assets.woolworths.com.au/images/1005/75396.jpg?impolicy=wowsmkqiema&w=260&h=260,$3.20,,$12.80 / 1L, Add to cart , Save to list 
Golden Circle Apple & Mango Juice No Added Sugar Fruit Juices 2l,https://www.woolworths.com.au/shop/productdetails/67057/golden-circle-apple-mango-juice-no-added-sugar-fruit-juices,,https://assets.woolworths.com.au/images/1005/67057.jpg?impolicy=wowsmkqiema&w=260&h=260,$4.80,,$2.40 / 1L, Add to cart , Save to list 
Jarrah Classic Hot Chocolate 10 Pack,https://www.woolworths.com.au/shop/productdetails/46127/jarrah-classic-hot-chocolate-sachets,,https://assets.woolworths.com.au/images/1005/46127.jpg?impolicy=wowsmkqiema&w=260&h=260,$7.00,,$0.70 / 1EA, Add to cart , Save to list 
Madura Green Tea Bags 50 Pack 75g,https://www.woolworths.com.au/shop/productdetails/30321/madura-green-tea-bags,,https://assets.woolworths.com.au/images/1005/30321.jpg?impolicy=wowsmkqiema&w=260&h=260,$5.45,,$0.11 / 1EA, Add to cart , Save to list 
V Energy Sugar Free Blue 500ml,https://www.woolworths.com.au/shop/productdetails/112438/v-energy-sugar-free-blue,,https://assets.woolworths.com.au/images/1005/112438.jpg?impolicy=wowsmkqiema&w=260&h=260,$4.00,,$8.00 / 1L, Add to cart , Save to list 
Coca-cola Vanilla Soft Drink Mini Cans 250ml X 6 Pack,https://www.woolworths.com.au/shop/productdetails/244993/coca-cola-vanilla-soft-drink-mini-cans,https://www.woolworths.com.au/content/promotiontags/roundel-buy-more-save-more-200x200.png,https://assets.woolworths.com.au/images/1005/244993.jpg?impolicy=wowsmkqiema&w=260&h=260,$9.20,,$6.13 / 1L, Add to cart , Save to list 
Golden Circle Tropical Sunrise Refreshers Low Sugar Popper Flavour Water 250ml X6 Pack,https://www.woolworths.com.au/shop/productdetails/230816/golden-circle-tropical-sunrise-refreshers-low-sugar-popper-flavour-water,https://www.woolworths.com.au/content/promotiontags/roundel-special-200x200.png,https://assets.woolworths.com.au/images/1005/230816.jpg?impolicy=wowsmkqiema&w=260&h=260,$4.60,$5.80,$3.07 / 1L, Add to cart , Save to list 
Nescafe Coffee Sachets Mocha 26 Pack,https://www.woolworths.com.au/shop/productdetails/549621/nescafe-coffee-sachets-mocha-mocha,,https://assets.woolworths.com.au/images/1005/549621.jpg?impolicy=wowsmkqiema&w=260&h=260,$11.00,,$0.42 / 1EA, Add to cart , Save to list 
L'or Espresso Caramel Capsules 10 Pack,https://www.woolworths.com.au/shop/productdetails/213070/l-or-espresso-caramel-capsules,,https://assets.woolworths.com.au/images/1005/213070.jpg?impolicy=wowsmkqiema&w=260&h=260,$7.50,,$0.75 / 1EA, Add to cart , Save to list 
Lo Bros Raspberry & Blackcurrent Kombucha 330ml,https://www.woolworths.com.au/shop/productdetails/230330/lo-bros-raspberry-blackcurrent-kombucha,,https://assets.woolworths.com.au/images/1005/230330.jpg?impolicy=wowsmkqiema&w=260&h=260,$4.00,,$12.12 / 1L, Add to cart , Save to list 
Symington's Instant Dandelion Tea No Caffeine 250g,https://www.woolworths.com.au/shop/productdetails/8552/symington-s-instant-dandelion-tea-no-caffeine,,https://assets.woolworths.com.au/images/1005/8552.jpg?impolicy=wowsmkqiema&w=260&h=260,$13.20,,$5.28 / 100G, Add to cart , Save to list 
Lavazza Prontissimo! Intenso Premium Instant Coffee 95g,https://www.woolworths.com.au/shop/productdetails/551886/lavazza-prontissimo-intenso-premium-instant-coffee,,https://assets.woolworths.com.au/images/1005/551886.jpg?impolicy=wowsmkqiema&w=260&h=260,$11.00,,$11.58 / 100G, Add to cart , Save to list 
Republica Organic Instant Coffee 100% Pure Decaffeinated 100g,https://www.woolworths.com.au/shop/productdetails/346896/republica-organic-instant-coffee-100-pure-decaffeinated,https://www.woolworths.com.au/content/promotiontags/roundel-special-200x200.png,https://assets.woolworths.com.au/images/1005/346896.jpg?impolicy=wowsmkqiema&w=260&h=260,$11.00,$13.50,$11.00 / 100G, Add to cart , Save to list 
Fever-tree Blood Orange Soda 500ml,https://www.woolworths.com.au/shop/productdetails/184132/fever-tree-blood-orange-soda,,https://assets.woolworths.com.au/images/1005/184132.jpg?impolicy=wowsmkqiema&w=260&h=260,$4.50,,$9.00 / 1L, Add to cart , Save to list 
Shine Naturally Zero Sugar Blueberry Lemonade Energy Nootropic Cans 4 X250ml,https://www.woolworths.com.au/shop/productdetails/230626/shine-naturally-zero-sugar-blueberry-lemonade-energy-nootropic-cans,https://www.woolworths.com.au/content/promotiontags/roundel-special-200x200.png,https://assets.woolworths.com.au/images/1005/230626.jpg?impolicy=wowsmkqiema&w=260&h=260,$8.00,$10.45,$8.00 / 1L, Add to cart , Save to list 
Nexba Mango Sugar-free Kombucha 330ml X 4 Pack,https://www.woolworths.com.au/shop/productdetails/152954/nexba-mango-sugar-free-kombucha,,https://assets.woolworths.com.au/images/1005/152954.jpg?impolicy=wowsmkqiema&w=260&h=260,$8.75,,$6.63 / 1L, Add to cart , Save to list 
Nerada Organics Green Tea Cup Bags 150g,https://www.woolworths.com.au/shop/productdetails/95165/nerada-organics-green-tea-cup-bags,,https://assets.woolworths.com.au/images/1005/95165.jpg?impolicy=wowsmkqiema&w=260&h=260,$9.00,,$0.09 / 1EA, Add to cart , Save to list 
Nexba Naturally Sugar Free Lemon Squash Crafted Soda 1l,https://www.woolworths.com.au/shop/productdetails/225921/nexba-naturally-sugar-free-lemon-squash-crafted-soda,,https://assets.woolworths.com.au/images/1005/225921.jpg?impolicy=wowsmkqiema&w=260&h=260,$3.50,,$3.50 / 1L, Add to cart , Save to list 
Vittoria Oro Ground Coffee Oro 1kg,https://www.woolworths.com.au/shop/productdetails/254695/vittoria-oro-ground-coffee-oro,https://www.woolworths.com.au/content/promotiontags/roundel-special-200x200.png,https://assets.woolworths.com.au/images/1005/254695.jpg?impolicy=wowsmkqiema&w=260&h=260,$24.00,$40.00,$2.40 / 100G, Add to cart , Save to list 
Nescafe Gold Orginal Soluble Instant Coffee 200g,https://www.woolworths.com.au/shop/productdetails/687062/nescafe-gold-orginal-soluble-instant-coffee,https://www.woolworths.com.au/content/promotiontags/roundel-special-200x200.png,https://assets.woolworths.com.au/images/1005/687062.jpg?impolicy=wowsmkqiema&w=260&h=260,$11.00,$15.00,$5.50 / 100G, Add to cart , Save to list 
Cottee's Cordial Lemon 1l,https://www.woolworths.com.au/shop/productdetails/362464/cottees-cordial-lemon,https://www.woolworths.com.au/content/promotiontags/roundel-special-200x200.png,https://assets.woolworths.com.au/images/1005/362464.jpg?impolicy=wowsmkqiema&w=260&h=260,$4.50,$5.90,$4.50 / 1L, Add to cart , Save to list 
P&n Apple Fruit Juice 2l,https://www.woolworths.com.au/shop/productdetails/229204/p-n-apple-fruit-juice,,https://assets.woolworths.com.au/images/1005/229204.jpg?impolicy=wowsmkqiema&w=260&h=260,$3.00,,$1.50 / 1L, Add to cart , Save to list 
The Juice Brothers Orange Pulp Free 1.5l,https://www.woolworths.com.au/shop/productdetails/807545/the-juice-brothers-orange-pulp-free,https://www.woolworths.com.au/content/promotiontags/local-seals-nsw.png,https://assets.woolworths.com.au/images/1005/807545.jpg?impolicy=wowsmkqiema&w=260&h=260,$6.00,,$4.00 / 1L, Add to cart , Save to list 
Mildura Orange Mango Fruit Drink 500ml,https://www.woolworths.com.au/shop/productdetails/739700/mildura-orange-mango-fruit-drink,,https://assets.woolworths.com.au/images/1005/739700.jpg?impolicy=wowsmkqiema&w=260&h=260,$2.60,,$5.20 / 1L, Add to cart , Save to list 
Ocean Spray Cranberry Light Juice Drink 1.5l,https://www.woolworths.com.au/shop/productdetails/211639/ocean-spray-cranberry-light-juice-drink,,https://assets.woolworths.com.au/images/1005/211639.jpg?impolicy=wowsmkqiema&w=260&h=260,$6.40,,$4.27 / 1L, Add to cart , Save to list 
Mildura Orange Passionfruit Fruit Drink 500ml,https://www.woolworths.com.au/shop/productdetails/739699/mildura-orange-passionfruit-fruit-drink,,https://assets.woolworths.com.au/images/1005/739699.jpg?impolicy=wowsmkqiema&w=260&h=260,$2.60,,$5.20 / 1L, Add to cart , Save to list 
Bonvit Roasted Dandelion Tea Bags 32 Pack,https://www.woolworths.com.au/shop/productdetails/59823/bonvit-roasted-dandelion-tea-bags,,https://assets.woolworths.com.au/images/1005/59823.jpg?impolicy=wowsmkqiema&w=260&h=260,$8.50,,$0.27 / 1EA, Add to cart , Save to list 
Nescafe Dolce Gusto Café Au Lait Coffee Pods 16 Pack,https://www.woolworths.com.au/shop/productdetails/754295/nescafe-dolce-gusto-caf-au-lait-coffee-pods,,https://assets.woolworths.com.au/images/1005/754295.jpg?impolicy=wowsmkqiema&w=260&h=260,$10.00,,$0.63 / 1EA, Add to cart , Save to list 
Monster Energy Drink Ultra Fiesta Mango Flavour 500ml,https://www.woolworths.com.au/shop/productdetails/174492/monster-energy-drink-ultra-fiesta-mango-flavour,https://www.woolworths.com.au/content/promotiontags/roundel-special-200x200.png,https://assets.woolworths.com.au/images/1005/174492.jpg?impolicy=wowsmkqiema&w=260&h=260,$2.85,$3.85,$5.70 / 1L, Add to cart , Save to list 
Lo Bros Kombucha Pineapple & Lime Cans 250ml X4 Pack,https://www.woolworths.com.au/shop/productdetails/218273/lo-bros-kombucha-pineapple-lime-cans,https://www.woolworths.com.au/content/promotiontags/roundel-special-200x200.png,https://assets.woolworths.com.au/images/1005/218273.jpg?impolicy=wowsmkqiema&w=260&h=260,$6.00,$8.75,$6.00 / 1L, Add to cart , Save to list 
Daily Juice No Added Sugar Orange Juice Screw Cap 500ml,https://www.woolworths.com.au/shop/productdetails/711847/daily-juice-no-added-sugar-orange-juice-screw-cap,,https://assets.woolworths.com.au/images/1005/711847.jpg?impolicy=wowsmkqiema&w=260&h=260,$2.80,,$5.60 / 1L, Add to cart , Save to list 
Pepsi Max Lemon Cans 375ml X10 Pack,https://www.woolworths.com.au/shop/productdetails/229724/pepsi-max-lemon-cans,,https://assets.woolworths.com.au/images/1005/229724.jpg?impolicy=wowsmkqiema&w=260&h=260,$16.50,,$4.40 / 1L, Add to cart , Save to list 
Ocean Spray Ruby Red Grapefruit Juice Drink 1.5l,https://www.woolworths.com.au/shop/productdetails/362341/ocean-spray-ruby-red-grapefruit-juice-drink,,https://assets.woolworths.com.au/images/1005/362341.jpg?impolicy=wowsmkqiema&w=260&h=260,$6.40,,$4.27 / 1L, Add to cart , Save to list 
Passiona Cans 375ml X10 Pack,https://www.woolworths.com.au/shop/productdetails/231452/kirks-passiona-cans,,https://assets.woolworths.com.au/images/1005/231452.jpg?impolicy=wowsmkqiema&w=260&h=260,$16.50,,$4.40 / 1L, Add to cart , Save to list 
Nescafe Blend 43 Espresso 500g,https://www.woolworths.com.au/shop/productdetails/114380/nescafe-blend-43-espresso,,https://assets.woolworths.com.au/images/1005/114380.jpg?impolicy=wowsmkqiema&w=260&h=260,$26.00,,$5.20 / 100G, Add to cart , Save to list 
Almond Breeze Barista Blend Blue Diamond 1l,https://www.woolworths.com.au/shop/productdetails/601864/almond-breeze-barista-blend-blue-diamond,https://www.woolworths.com.au/content/promotiontags/roundel-special-200x200.png,https://assets.woolworths.com.au/images/1005/601864.jpg?impolicy=wowsmkqiema&w=260&h=260,$3.50,$4.80,$3.50 / 1L, Add to cart , Save to list 
Coopers Birell Premium Bottles 375ml X6 Pack,https://www.woolworths.com.au/shop/productdetails/78040/coopers-birell-premium-bottles,,https://assets.woolworths.com.au/images/1005/78040.jpg?impolicy=wowsmkqiema&w=260&h=260,$8.30,,$3.69 / 1L, Add to cart , Save to list 
Coca-cola No Sugar Soft Drink Bottle 600ml,https://www.woolworths.com.au/shop/productdetails/623033/coca-cola-no-sugar-soft-drink-bottle,https://www.woolworths.com.au/content/promotiontags/chilled-roundel.png,https://assets.woolworths.com.au/images/1005/623033.jpg?impolicy=wowsmkqiema&w=260&h=260,$4.05,,$6.75 / 1L, Add to cart , Save to list 
Nexba Naturally Sugar Free Kombucha Peach Passion 4 X330ml,https://www.woolworths.com.au/shop/productdetails/228932/nexba-naturally-sugar-free-kombucha-peach-passion,,https://assets.woolworths.com.au/images/1005/228932.jpg?impolicy=wowsmkqiema&w=260&h=260,$8.75,,$6.63 / 1L, Add to cart , Save to list 
Oak Strawberry Flavoured Milk (3x250ml) 750ml,https://www.woolworths.com.au/shop/productdetails/878752/oak-strawberry-flavoured-milk-3x250ml-,,https://assets.woolworths.com.au/images/1005/878752.jpg?impolicy=wowsmkqiema&w=260&h=260,$4.35,,$5.80 / 1L, Add to cart , Save to list 
Mountain Dew Energized Cans 375ml X30 Pack,https://www.woolworths.com.au/shop/productdetails/177251/mountain-dew-energized-cans,,https://assets.woolworths.com.au/images/1005/177251.jpg?impolicy=wowsmkqiema&w=260&h=260,$24.00,,$2.13 / 1L, Add to cart , Save to list 
Pana Organic Hot Chocolate 200g,https://www.woolworths.com.au/shop/productdetails/147943/pana-organic-hot-chocolate,,https://assets.woolworths.com.au/images/1005/147943.jpg?impolicy=wowsmkqiema&w=260&h=260,$9.00,,$4.50 / 100G, Add to cart , Save to list 
Remedy Kombucha Ginger Lemon 1.25l,https://www.woolworths.com.au/shop/productdetails/872606/remedy-kombucha-ginger-lemon,https://www.woolworths.com.au/content/promotiontags/roundel-special-200x200.png,https://assets.woolworths.com.au/images/1005/872606.jpg?impolicy=wowsmkqiema&w=260&h=260,$6.00,$8.75,$4.80 / 1L, Add to cart , Save to list 
Lipton Iced Tea Lemon 20 Pack,https://www.woolworths.com.au/shop/productdetails/116550/lipton-iced-tea-lemon,,https://assets.woolworths.com.au/images/1005/116550.jpg?impolicy=wowsmkqiema&w=260&h=260,$6.50,,$0.33 / 1EA, Add to cart , Save to list 
Campos Superior Coffee Beans 500g,https://www.woolworths.com.au/shop/productdetails/94126/campos-superior-coffee-beans,,https://assets.woolworths.com.au/images/1005/94126.jpg?impolicy=wowsmkqiema&w=260&h=260,$29.00,,$5.80 / 100G, Add to cart , Save to list 
Lo Bros Pineapple & Lime Kombucha 330ml,https://www.woolworths.com.au/shop/productdetails/175459/lo-bros-pineapple-lime-kombucha,,https://assets.woolworths.com.au/images/1005/175459.jpg?impolicy=wowsmkqiema&w=260&h=260,$4.00,,$12.12 / 1L, Add to cart , Save to list 
Mother Mother Energy Drink Zero Sugar Razzle Berry Can 500ml,https://www.woolworths.com.au/shop/productdetails/221069/mother-energy-drink-zero-sugar-razzle-berry-can,,https://assets.woolworths.com.au/images/1005/221069.jpg?impolicy=wowsmkqiema&w=260&h=260,$3.05,,$6.10 / 1L, Add to cart , Save to list 
Mildura Tropical Fruit Drink 3l,https://www.woolworths.com.au/shop/productdetails/102292/mildura-tropical-fruit-drink,,https://assets.woolworths.com.au/images/1005/102292.jpg?impolicy=wowsmkqiema&w=260&h=260,$5.00,,$1.67 / 1L, Add to cart , Save to list 
SodaStream Fuse Bottle Twin Pack 1L,https://www.woolworths.com.au/shop/productdetails/1074014362/sodastream-fuse-bottle-twin-pack-1l,,https://assets.woolworths.com.au/images/1005/1074014362.jpg?impolicy=wowsmkqiema&w=260&h=260,$21.95,,$21.95 / 1EA, Add to cart , Save to list 
Bundaberg Pink Grapefruit Sparkling Drink 200ml X6 Pack,https://www.woolworths.com.au/shop/productdetails/231302/bundaberg-pink-grapefruit-sparkling-drink,,https://assets.woolworths.com.au/images/1005/231302.jpg?impolicy=wowsmkqiema&w=260&h=260,$7.40,,$6.17 / 1L, Add to cart , Save to list 
Nescafe Dolce Gusto Cappuccino Coffee Pods 16 Pack,https://www.woolworths.com.au/shop/productdetails/689624/nescafe-dolce-gusto-cappuccino-coffee-pods,,https://assets.woolworths.com.au/images/1005/689624.jpg?impolicy=wowsmkqiema&w=260&h=260,$10.00,,$0.63 / 1EA, Add to cart , Save to list 
Remedy Kombucha Orange Squeeze 330ml,https://www.woolworths.com.au/shop/productdetails/190516/remedy-kombucha-orange-squeeze,https://www.woolworths.com.au/content/promotiontags/roundel-special-200x200.png,https://assets.woolworths.com.au/images/1005/190516.jpg?impolicy=wowsmkqiema&w=260&h=260,$2.70,$4.20,$8.18 / 1L, Add to cart , Save to list 
Vittoria Coffee Bags Long Black 20 Pack,https://www.woolworths.com.au/shop/productdetails/156801/vittoria-coffee-bags-long-black,https://www.woolworths.com.au/content/promotiontags/roundel-special-200x200.png,https://assets.woolworths.com.au/images/1005/156801.jpg?impolicy=wowsmkqiema&w=260&h=260,$10.00,$12.50,$0.50 / 1EA, Add to cart , Save to list 
Cottee's Zero Sugar Lemon Cordial 1l,https://www.woolworths.com.au/shop/productdetails/225840/cottees-zero-sugar-lemon-cordial,https://www.woolworths.com.au/content/promotiontags/roundel-special-200x200.png,https://assets.woolworths.com.au/images/1005/225840.jpg?impolicy=wowsmkqiema&w=260&h=260,$4.50,$5.90,$4.50 / 1L, Add to cart , Save to list 
Moccona Cadbury Mocha Sachets 8 Pack,https://www.woolworths.com.au/shop/productdetails/213595/moccona-cadbury-mocha-sachets,,https://assets.woolworths.com.au/images/1005/213595.jpg?impolicy=wowsmkqiema&w=260&h=260,,,,, Save to list 
Moccona Coffee Sachets Strong Cappuccino 30 Pack,https://www.woolworths.com.au/shop/productdetails/175603/moccona-coffee-sachets-strong-cappuccino,,https://assets.woolworths.com.au/images/1005/175603.jpg?impolicy=wowsmkqiema&w=260&h=260,$12.00,,$0.40 / 1EA, Add to cart , Save to list 
Vittoria Coffee Beans Latte 1kg,https://www.woolworths.com.au/shop/productdetails/158983/vittoria-coffee-beans-latte,,https://assets.woolworths.com.au/images/1005/158983.jpg?impolicy=wowsmkqiema&w=260&h=260,$37.00,,$3.70 / 100G, Add to cart , Save to list 
Diet Rite No Sugar Pine Lime Cans 12 X 375ml,https://www.woolworths.com.au/shop/productdetails/193622/diet-rite-no-sugar-pine-lime-cans,,https://assets.woolworths.com.au/images/1005/193622.jpg?impolicy=wowsmkqiema&w=260&h=260,$8.00,,$1.78 / 1L, Add to cart , Save to list 
Monster Energy Pipeline Punch Can 500ml,https://www.woolworths.com.au/shop/productdetails/803888/monster-energy-pipeline-punch-can,https://www.woolworths.com.au/content/promotiontags/roundel-special-200x200.png,https://assets.woolworths.com.au/images/1005/803888.jpg?impolicy=wowsmkqiema&w=260&h=260,$2.85,$3.85,$5.70 / 1L, Add to cart , Save to list 
Bickford's Cloudy Pear Juice 1l,https://www.woolworths.com.au/shop/productdetails/787819/bickford-s-cloudy-pear-juice,https://www.woolworths.com.au/content/promotiontags/roundel-special-200x200.png,https://assets.woolworths.com.au/images/1005/787819.jpg?impolicy=wowsmkqiema&w=260&h=260,$5.50,$6.50,$5.50 / 1L, Add to cart , Save to list 
Macro Organic Fairtrade Ground Coffee Medium 200g,https://www.woolworths.com.au/shop/productdetails/690360/macro-organic-fairtrade-ground-coffee-medium,,https://assets.woolworths.com.au/images/1005/690360.jpg?impolicy=wowsmkqiema&w=260&h=260,$6.60,,$3.30 / 100G, Add to cart , Save to list 
Nescafe Coffee Sachets 98% Sugar Free Latte 10 Pack,https://www.woolworths.com.au/shop/productdetails/115138/nescafe-coffee-sachets-98-sugar-free-latte,https://www.woolworths.com.au/content/promotiontags/roundel-half-price-200x200.png,https://assets.woolworths.com.au/images/1005/115138.jpg?impolicy=wowsmkqiema&w=260&h=260,$3.80,$7.60,$0.38 / 1EA, Add to cart , Save to list 
Rockstar Original No Sugar 4 Pack,https://www.woolworths.com.au/shop/productdetails/248116/rockstar-original-no-sugar,,https://assets.woolworths.com.au/images/1005/248116.jpg?impolicy=wowsmkqiema&w=260&h=260,$8.50,,$4.25 / 1L, Add to cart , Save to list 
Bickford's Pineapple & Passionfruit Cordial 750ml,https://www.woolworths.com.au/shop/productdetails/227947/bickford-s-pineapple-passionfruit-cordial,,https://assets.woolworths.com.au/images/1005/227947.jpg?impolicy=wowsmkqiema&w=260&h=260,$4.50,,$6.00 / 1L, Add to cart , Save to list 
Remedy Organic Kombucha Wild Berry 330ml,https://www.woolworths.com.au/shop/productdetails/124746/remedy-organic-kombucha-wild-berry,https://www.woolworths.com.au/content/promotiontags/roundel-special-200x200.png,https://assets.woolworths.com.au/images/1005/124746.jpg?impolicy=wowsmkqiema&w=260&h=260,$2.70,$4.20,$8.18 / 1L, Add to cart , Save to list 
Famous Soda Co Pink Lemonade 330ml,https://www.woolworths.com.au/shop/productdetails/111808/famous-soda-co-pink-lemonade,,https://assets.woolworths.com.au/images/1005/111808.jpg?impolicy=wowsmkqiema&w=260&h=260,$4.00,,$12.12 / 1L, Add to cart , Save to list 
Devondale Moo Strawberry Milk 6x200ml,https://www.woolworths.com.au/shop/productdetails/789937/devondale-moo-strawberry-milk,,https://assets.woolworths.com.au/images/1005/789937.jpg?impolicy=wowsmkqiema&w=260&h=260,$6.60,,$5.50 / 1L, Add to cart , Save to list 
Avalanche Taro Bubble Tea 5 Pack,https://www.woolworths.com.au/shop/productdetails/154999/avalanche-taro-bubble-tea,,https://assets.woolworths.com.au/images/1005/154999.jpg?impolicy=wowsmkqiema&w=260&h=260,$8.00,,$1.60 / 1EA, Add to cart , Save to list 
Cottee's Cordial Orange 1l,https://www.woolworths.com.au/shop/productdetails/362459/cottees-cordial-orange,,https://assets.woolworths.com.au/images/1005/362459.jpg?impolicy=wowsmkqiema&w=260&h=260,,,,, Save to list 
Moccona Freeze Dried Instant Coffee Mocha Kenya Style 200g,https://www.woolworths.com.au/shop/productdetails/341164/moccona-freeze-dried-instant-coffee-mocha-kenya-style,,https://assets.woolworths.com.au/images/1005/341164.jpg?impolicy=wowsmkqiema&w=260&h=260,$16.00,,$8.00 / 100G, Add to cart , Save to list 
Moccona Freeze Dried Instant Coffee Espresso Style 200g,https://www.woolworths.com.au/shop/productdetails/341166/moccona-freeze-dried-instant-coffee-espresso-style,,https://assets.woolworths.com.au/images/1005/341166.jpg?impolicy=wowsmkqiema&w=260&h=260,$16.00,,$8.00 / 100G, Add to cart , Save to list 
So Good Chocolate Almond Milk 1l,https://www.woolworths.com.au/shop/productdetails/276856/so-good-chocolate-almond-milk,,https://assets.woolworths.com.au/images/1005/276856.jpg?impolicy=wowsmkqiema&w=260&h=260,$3.20,,$3.20 / 1L, Add to cart , Save to list 
Passiona Bottle 1.25l,https://www.woolworths.com.au/shop/productdetails/35766/passiona-bottle,,https://assets.woolworths.com.au/images/1005/35766.jpg?impolicy=wowsmkqiema&w=260&h=260,$2.70,,$2.16 / 1L, Add to cart , Save to list 
Vittoria Nespresso Compatible Coffee Capsules Black Valley 40 Pack,https://www.woolworths.com.au/shop/productdetails/160039/vittoria-nespresso-compatible-coffee-capsules-black-valley,,https://assets.woolworths.com.au/images/1005/160039.jpg?impolicy=wowsmkqiema&w=260&h=260,$21.00,,$0.53 / 1EA, Add to cart , Save to list 
Vittoria Mountain Grown Ground Coffee 200g,https://www.woolworths.com.au/shop/productdetails/94686/vittoria-mountain-grown-ground-coffee,,https://assets.woolworths.com.au/images/1005/94686.jpg?impolicy=wowsmkqiema&w=260&h=260,$10.00,,$5.00 / 100G, Add to cart , Save to list 
Nudie Nothing But Aloha Juice 2l,https://www.woolworths.com.au/shop/productdetails/268297/nudie-nothing-but-aloha-juice,,https://assets.woolworths.com.au/images/1005/268297.jpg?impolicy=wowsmkqiema&w=260&h=260,$8.50,,$4.25 / 1L, Add to cart , Save to list 
Impressed Cold Pressed Juice Ginger Ninja 1l,https://www.woolworths.com.au/shop/productdetails/629484/impressed-cold-pressed-juice-ginger-ninja,,https://assets.woolworths.com.au/images/1005/629484.jpg?impolicy=wowsmkqiema&w=260&h=260,$5.50,,$5.50 / 1L, Add to cart , Save to list 
Twinings Live Well Cleanse Tea Bags 18 Pack,https://www.woolworths.com.au/shop/productdetails/226882/twinings-live-well-cleanse-tea-bags,,https://assets.woolworths.com.au/images/1005/226882.jpg?impolicy=wowsmkqiema&w=260&h=260,$7.50,,$0.42 / 1EA, Add to cart , Save to list 
Woolworths Orange Juice With Pulp 2l,https://www.woolworths.com.au/shop/productdetails/142929/woolworths-orange-juice-with-pulp,,https://assets.woolworths.com.au/images/1005/142929.jpg?impolicy=wowsmkqiema&w=260&h=260,$4.90,,$2.45 / 1L, Add to cart , Save to list 
Mildura Apple Guava Fruit Drink 500ml,https://www.woolworths.com.au/shop/productdetails/739716/mildura-apple-guava-fruit-drink,,https://assets.woolworths.com.au/images/1005/739716.jpg?impolicy=wowsmkqiema&w=260&h=260,$2.60,,$5.20 / 1L, Add to cart , Save to list 
Coca-cola Diet Soft Drink Bottle 600ml,https://www.woolworths.com.au/shop/productdetails/93166/coca-cola-diet-soft-drink-bottle,https://www.woolworths.com.au/content/promotiontags/chilled-roundel.png,https://assets.woolworths.com.au/images/1005/93166.jpg?impolicy=wowsmkqiema&w=260&h=260,$4.05,,$6.75 / 1L, Add to cart , Save to list 
Moccona Freeze Dried Instant Coffee Classic Medium Roast 50g,https://www.woolworths.com.au/shop/productdetails/32695/moccona-freeze-dried-instant-coffee-classic-medium-roast,https://www.woolworths.com.au/content/promotiontags/roundel-special-200x200.png,https://assets.woolworths.com.au/images/1005/32695.jpg?impolicy=wowsmkqiema&w=260&h=260,$4.90,$7.00,$9.80 / 100G, Add to cart , Save to list 
Espressotoria Coffee Capsules Vittoria Decaf 12 Pack,https://www.woolworths.com.au/shop/productdetails/931405/espressotoria-coffee-capsules-vittoria-decaf,https://www.woolworths.com.au/content/promotiontags/roundel-special-200x200.png,https://assets.woolworths.com.au/images/1005/931405.jpg?impolicy=wowsmkqiema&w=260&h=260,$7.00,$10.00,$0.58 / 1EA, Add to cart , Save to list 
Golden Circle Tomato Juice No Added Sugar Vegetable Juices 1l,https://www.woolworths.com.au/shop/productdetails/786697/golden-circle-tomato-juice-no-added-sugar-vegetable-juices,,https://assets.woolworths.com.au/images/1005/786697.jpg?impolicy=wowsmkqiema&w=260&h=260,$3.00,,$3.00 / 1L, Add to cart , Save to list 
Lo Bros Kombucha Passionfruit 750ml,https://www.woolworths.com.au/shop/productdetails/859536/lo-bros-kombucha-passionfruit,https://www.woolworths.com.au/content/promotiontags/roundel-special-200x200.png,https://assets.woolworths.com.au/images/1005/859536.jpg?impolicy=wowsmkqiema&w=260&h=260,$5.00,$7.50,$6.67 / 1L, Add to cart , Save to list 
Map Clean Bean Descaler 250ml,https://www.woolworths.com.au/shop/productdetails/933674/map-clean-bean-descaler,,https://assets.woolworths.com.au/images/1005/933674.jpg?impolicy=wowsmkqiema&w=260&h=260,$7.50,,$3.00 / 100ML, Add to cart , Save to list 
Vittoria Mountain Grown Ground Coffee 500g,https://www.woolworths.com.au/shop/productdetails/32216/vittoria-mountain-grown-ground-coffee,https://www.woolworths.com.au/content/promotiontags/roundel-special-200x200.png,https://assets.woolworths.com.au/images/1005/32216.jpg?impolicy=wowsmkqiema&w=260&h=260,$16.00,$24.00,$3.20 / 100G, Add to cart , Save to list 
Grinders Rainforest Alliance Certified Coffee Beans Crema 1kg,https://www.woolworths.com.au/shop/productdetails/738617/grinders-rainforest-alliance-certified-coffee-beans-crema,https://www.woolworths.com.au/content/promotiontags/roundel-special-200x200.png,https://assets.woolworths.com.au/images/1005/738617.jpg?impolicy=wowsmkqiema&w=260&h=260,$24.50,$35.00,$2.45 / 100G, Add to cart , Save to list 
Bickford's Pomegranate Juice 1l,https://www.woolworths.com.au/shop/productdetails/253048/bickford-s-pomegranate-juice,https://www.woolworths.com.au/content/promotiontags/roundel-special-200x200.png,https://assets.woolworths.com.au/images/1005/253048.jpg?impolicy=wowsmkqiema&w=260&h=260,$5.50,$6.50,$5.50 / 1L, Add to cart , Save to list 
L'or Espresso Supremo Coffee Capsules 20 Pack,https://www.woolworths.com.au/shop/productdetails/92327/l-or-espresso-supremo-coffee-capsules,,https://assets.woolworths.com.au/images/1005/92327.jpg?impolicy=wowsmkqiema&w=260&h=260,$13.00,,$0.65 / 1EA, Add to cart , Save to list 
Nescafe Blend 43 Smooth & Creamy Instant Coffee 140g,https://www.woolworths.com.au/shop/productdetails/800325/nescafe-blend-43-smooth-creamy-instant-coffee,,https://assets.woolworths.com.au/images/1005/800325.jpg?impolicy=wowsmkqiema&w=260&h=260,$11.50,,$8.21 / 100G, Add to cart , Save to list 
Avalanche Sugar Free Drinking Chocolate 200g,https://www.woolworths.com.au/shop/productdetails/738745/avalanche-sugar-free-drinking-chocolate,,https://assets.woolworths.com.au/images/1005/738745.jpg?impolicy=wowsmkqiema&w=260&h=260,$4.80,,$2.40 / 100G, Add to cart , Save to list 
Barista Bros Iced Chocolate Flavoured Milk 500ml,https://www.woolworths.com.au/shop/productdetails/791219/barista-bros-iced-chocolate-flavoured-milk,https://www.woolworths.com.au/content/promotiontags/chilled-roundel.png,https://assets.woolworths.com.au/images/1005/791219.jpg?impolicy=wowsmkqiema&w=260&h=260,$3.15,,$6.30 / 1L, Add to cart , Save to list 
Nudie Nothing But Pink Lemonade 2l,https://www.woolworths.com.au/shop/productdetails/123514/nudie-nothing-but-pink-lemonade,,https://assets.woolworths.com.au/images/1005/123514.jpg?impolicy=wowsmkqiema&w=260&h=260,$8.50,,$4.25 / 1L, Add to cart , Save to list 
Devondale Skim Long Life Milk 6x200ml,https://www.woolworths.com.au/shop/productdetails/84244/devondale-skim-long-life-milk,,https://assets.woolworths.com.au/images/1005/84244.jpg?impolicy=wowsmkqiema&w=260&h=260,$6.00,,$5.00 / 1L, Add to cart , Save to list 
L'or Espresso Colombia Intensity 8 Coffee Capsules 10 Pack,https://www.woolworths.com.au/shop/productdetails/604174/l-or-espresso-colombia-intensity-8-coffee-capsules,,https://assets.woolworths.com.au/images/1005/604174.jpg?impolicy=wowsmkqiema&w=260&h=260,$7.50,,$0.75 / 1EA, Add to cart , Save to list 
Nudie Pear Pineapple Lemon & Lime 2l,https://www.woolworths.com.au/shop/productdetails/246697/nudie-pear-pineapple-lemon-lime,,https://assets.woolworths.com.au/images/1005/246697.jpg?impolicy=wowsmkqiema&w=260&h=260,$8.50,,$4.25 / 1L, Add to cart , Save to list 
Australia's Own Kid's Milk Chocolate 200ml,https://www.woolworths.com.au/shop/productdetails/259027/australia-s-own-kid-s-milk-chocolate,,https://assets.woolworths.com.au/images/1005/259027.jpg?impolicy=wowsmkqiema&w=260&h=260,,,,, Save to list 
Bickford's Cordial Pink Grape Fruit 750ml,https://www.woolworths.com.au/shop/productdetails/574871/bickford-s-cordial-pink-grape-fruit,,https://assets.woolworths.com.au/images/1005/574871.jpg?impolicy=wowsmkqiema&w=260&h=260,$4.50,,$6.00 / 1L, Add to cart , Save to list 
Diet Rite Lemonade With Natural Flavour No Sugar Cans 12 X375ml,https://www.woolworths.com.au/shop/productdetails/222132/diet-rite-lemonade-with-natural-flavour-no-sugar-cans,,https://assets.woolworths.com.au/images/1005/222132.jpg?impolicy=wowsmkqiema&w=260&h=260,$8.00,,$1.78 / 1L, Add to cart , Save to list 
Lucozade Orange Energy Drink 380ml,https://www.woolworths.com.au/shop/productdetails/769415/lucozade-orange-energy-drink,,https://assets.woolworths.com.au/images/1005/769415.jpg?impolicy=wowsmkqiema&w=260&h=260,$3.20,,$8.42 / 1L, Add to cart , Save to list 
Harris Coffee Beans Strong 1kg,https://www.woolworths.com.au/shop/productdetails/90001/harris-coffee-beans-strong,,https://assets.woolworths.com.au/images/1005/90001.jpg?impolicy=wowsmkqiema&w=260&h=260,$26.00,,$2.60 / 100G, Add to cart , Save to list 
Coco Coast Natural Watermelon Water 500ml x 12 pack,https://www.woolworths.com.au/shop/productdetails/1073927570/coco-coast-natural-watermelon-water-500ml-x-12-pack,,https://assets.woolworths.com.au/images/1005/1073927570.jpg?impolicy=wowsmkqiema&w=260&h=260,$44.95,,$7.49 / 1L, Add to cart , Save to list 
Mildura Orange Fruit Drink 3l,https://www.woolworths.com.au/shop/productdetails/739656/mildura-orange-fruit-drink,,https://assets.woolworths.com.au/images/1005/739656.jpg?impolicy=wowsmkqiema&w=260&h=260,$5.00,,$1.67 / 1L, Add to cart , Save to list 
Bickford's Diet Lime Cordial 750ml,https://www.woolworths.com.au/shop/productdetails/46779/bickford-s-diet-lime-cordial,,https://assets.woolworths.com.au/images/1005/46779.jpg?impolicy=wowsmkqiema&w=260&h=260,$4.50,,$6.00 / 1L, Add to cart , Save to list 
Bickford's Diet Lemon Cordial 750ml,https://www.woolworths.com.au/shop/productdetails/52148/bickford-s-diet-lemon-cordial,,https://assets.woolworths.com.au/images/1005/52148.jpg?impolicy=wowsmkqiema&w=260&h=260,$4.50,,$6.00 / 1L, Add to cart , Save to list 
Eastcoast Orange Juice 100 Percent 2l,https://www.woolworths.com.au/shop/productdetails/938214/eastcoast-orange-juice-100-percent,https://www.woolworths.com.au/content/promotiontags/roundel-special-200x200.png,https://assets.woolworths.com.au/images/1005/938214.jpg?impolicy=wowsmkqiema&w=260&h=260,$5.40,$6.00,$2.70 / 1L, Add to cart , Save to list 
Lavazza Espresso Classico Nespresso Compatible Coffee Capsules 10 Pack,https://www.woolworths.com.au/shop/productdetails/222482/lavazza-espresso-classico-nespresso-compatible-coffee-capsules,,https://assets.woolworths.com.au/images/1005/222482.jpg?impolicy=wowsmkqiema&w=260&h=260,$6.90,,$0.69 / 1EA, Add to cart , Save to list 
Golden Circle Drinks Pine Coconut Flavoured Fruit Drink 1l,https://www.woolworths.com.au/shop/productdetails/92483/golden-circle-drinks-pine-coconut-flavoured-fruit-drink,,https://assets.woolworths.com.au/images/1005/92483.jpg?impolicy=wowsmkqiema&w=260&h=260,$2.70,,$2.70 / 1L, Add to cart , Save to list 
Pepsi Cans 375ml X10 Pack,https://www.woolworths.com.au/shop/productdetails/442182/pepsi-cans,,https://assets.woolworths.com.au/images/1005/442182.jpg?impolicy=wowsmkqiema&w=260&h=260,$16.50,,$4.40 / 1L, Add to cart , Save to list 
Lo Bros Kombucha Orange & Mango Cans 250ml X4 Pack,https://www.woolworths.com.au/shop/productdetails/218103/lo-bros-kombucha-orange-mango-cans,https://www.woolworths.com.au/content/promotiontags/roundel-special-200x200.png,https://assets.woolworths.com.au/images/1005/218103.jpg?impolicy=wowsmkqiema&w=260&h=260,$6.00,$8.75,$6.00 / 1L, Add to cart , Save to list 
Golden Circle Cool Crush Refreshers Popper Low Sugar Flavoured Water 250ml X6 Pack,https://www.woolworths.com.au/shop/productdetails/231192/golden-circle-cool-crush-refreshers-popper-low-sugar-flavoured-water,https://www.woolworths.com.au/content/promotiontags/roundel-special-200x200.png,https://assets.woolworths.com.au/images/1005/231192.jpg?impolicy=wowsmkqiema&w=260&h=260,$4.60,$5.80,$3.07 / 1L, Add to cart , Save to list 
Woolworths Orange Juice Pulp Free 2l,https://www.woolworths.com.au/shop/productdetails/804347/woolworths-orange-juice-pulp-free,,https://assets.woolworths.com.au/images/1005/804347.jpg?impolicy=wowsmkqiema&w=260&h=260,$4.90,,$2.45 / 1L, Add to cart , Save to list 
Gokids Chocolate Oat Milk 200ml,https://www.woolworths.com.au/shop/productdetails/223654/gokids-chocolate-oat-milk,,https://assets.woolworths.com.au/images/1005/223654.jpg?impolicy=wowsmkqiema&w=260&h=260,$3.30,,$5.50 / 1L, Add to cart , Save to list 
Preshafruit Pink Lady Apple Juice 2l,https://www.woolworths.com.au/shop/productdetails/67622/preshafruit-pink-lady-apple-juice,,https://assets.woolworths.com.au/images/1005/67622.jpg?impolicy=wowsmkqiema&w=260&h=260,$8.00,,$4.00 / 1L, Add to cart , Save to list 
Nescafe Dolce Gusto Americano Rich Aroma Coffee Pods 16 Pack,https://www.woolworths.com.au/shop/productdetails/805929/nescafe-dolce-gusto-americano-rich-aroma-coffee-pods,,https://assets.woolworths.com.au/images/1005/805929.jpg?impolicy=wowsmkqiema&w=260&h=260,$10.00,,$0.63 / 1EA, Add to cart , Save to list 
Pauls Bluey Chocolate Flavoured Milk 200ml X 6 Pack,https://www.woolworths.com.au/shop/productdetails/221654/pauls-bluey-chocolate-flavoured-milk,https://www.woolworths.com.au/content/promotiontags/roundel-special-200x200.png,https://assets.woolworths.com.au/images/1005/221654.jpg?impolicy=wowsmkqiema&w=260&h=260,$4.75,$6.00,$3.96 / 1L, Add to cart , Save to list 
Lo Bros Kombucha Soda Ginger Beer 4 Pack,https://www.woolworths.com.au/shop/productdetails/123598/lo-bros-kombucha-soda-ginger-beer,https://www.woolworths.com.au/content/promotiontags/roundel-special-200x200.png,https://assets.woolworths.com.au/images/1005/123598.jpg?impolicy=wowsmkqiema&w=260&h=260,$8.50,$12.50,$6.44 / 1L, Add to cart , Save to list 
Mother Energy Drink Original Cans 375mlx 10 Pack,https://www.woolworths.com.au/shop/productdetails/177520/mother-energy-drink-original-cans,,https://assets.woolworths.com.au/images/1005/177520.jpg?impolicy=wowsmkqiema&w=260&h=260,$14.15,,$3.77 / 1L, Add to cart , Save to list 
Campos Superior Aluminium Coffee Capsules 10 Pack,https://www.woolworths.com.au/shop/productdetails/222736/campos-superior-aluminium-coffee-capsules,,https://assets.woolworths.com.au/images/1005/222736.jpg?impolicy=wowsmkqiema&w=260&h=260,$9.50,,$0.95 / 1EA, Add to cart , Save to list 
Caffe Aurora Espresso Blend Coffee Beans 1kg,https://www.woolworths.com.au/shop/productdetails/158984/caffe-aurora-espresso-blend-coffee-beans,,https://assets.woolworths.com.au/images/1005/158984.jpg?impolicy=wowsmkqiema&w=260&h=260,$19.00,,$1.90 / 100G, Add to cart , Save to list 
Nexba Naturally Sugar Free Kombucha Lemon Crush 4 X330ml,https://www.woolworths.com.au/shop/productdetails/227984/nexba-naturally-sugar-free-kombucha-lemon-crush,,https://assets.woolworths.com.au/images/1005/227984.jpg?impolicy=wowsmkqiema&w=260&h=260,$8.75,,$6.63 / 1L, Add to cart , Save to list 
Lavazza Qualita Rossa Beans 1kg,https://www.woolworths.com.au/shop/productdetails/28404/lavazza-qualita-rossa-beans,,https://assets.woolworths.com.au/images/1005/28404.jpg?impolicy=wowsmkqiema&w=260&h=260,$28.00,,$2.80 / 100G, Add to cart , Save to list 
Moccona Freeze Dried Instant Coffee Espresso 400g,https://www.woolworths.com.au/shop/productdetails/45058/moccona-freeze-dried-instant-coffee-espresso,https://www.woolworths.com.au/content/promotiontags/roundel-special-200x200.png,https://assets.woolworths.com.au/images/1005/45058.jpg?impolicy=wowsmkqiema&w=260&h=260,$19.50,$28.00,$4.88 / 100G, Add to cart , Save to list 
Golden Circle Fruit Drinks Guava Nectar 1l,https://www.woolworths.com.au/shop/productdetails/786581/golden-circle-fruit-drinks-guava-nectar,,https://assets.woolworths.com.au/images/1005/786581.jpg?impolicy=wowsmkqiema&w=260&h=260,$3.60,,$3.60 / 1L, Add to cart , Save to list 
Nexba Vintage Cola Crafted Soda Cans 250ml X4 Pack,https://www.woolworths.com.au/shop/productdetails/227280/nexba-vintage-cola-crafted-soda-cans,https://www.woolworths.com.au/content/promotiontags/roundel-special-200x200.png,https://assets.woolworths.com.au/images/1005/227280.jpg?impolicy=wowsmkqiema&w=260&h=260,$5.45,$7.80,$5.45 / 1L, Add to cart , Save to list 
Lindt Hot Chocolate Flakes Milk 210g,https://www.woolworths.com.au/shop/productdetails/305554/lindt-hot-chocolate-flakes-milk,,https://assets.woolworths.com.au/images/1005/305554.jpg?impolicy=wowsmkqiema&w=260&h=260,$9.00,,$4.29 / 100G, Add to cart , Save to list 
Golden Circle Tomato Juice No Added Sugar Vegetable Juice 2l,https://www.woolworths.com.au/shop/productdetails/51659/golden-circle-tomato-juice-no-added-sugar-vegetable-juice,,https://assets.woolworths.com.au/images/1005/51659.jpg?impolicy=wowsmkqiema&w=260&h=260,$4.80,,$2.40 / 1L, Add to cart , Save to list 
La Ice Cola Cans 12 X 375ml,https://www.woolworths.com.au/shop/productdetails/193612/la-ice-cola-cans,,https://assets.woolworths.com.au/images/1005/193612.jpg?impolicy=wowsmkqiema&w=260&h=260,$8.00,,$1.78 / 1L, Add to cart , Save to list 
Golden Circle Drinks Pine Mango Fruit Drink 1l,https://www.woolworths.com.au/shop/productdetails/34543/golden-circle-drinks-pine-mango-fruit-drink,,https://assets.woolworths.com.au/images/1005/34543.jpg?impolicy=wowsmkqiema&w=260&h=260,$2.70,,$2.70 / 1L, Add to cart , Save to list 
Moccona Freeze Dried Instant Coffee Classic Decaffeinated 100g,https://www.woolworths.com.au/shop/productdetails/49275/moccona-freeze-dried-instant-coffee-classic-decaffeinated,https://www.woolworths.com.au/content/promotiontags/roundel-special-200x200.png,https://assets.woolworths.com.au/images/1005/49275.jpg?impolicy=wowsmkqiema&w=260&h=260,$8.75,$12.50,$8.75 / 100G, Add to cart , Save to list 
Moccona Barista Reserve Coffee Capsules Cappuccino 10 10 Pack,https://www.woolworths.com.au/shop/productdetails/687785/moccona-barista-reserve-coffee-capsules-cappuccino-10,https://www.woolworths.com.au/content/promotiontags/roundel-special-200x200.png,https://assets.woolworths.com.au/images/1005/687785.jpg?impolicy=wowsmkqiema&w=260&h=260,$3.50,$5.00,$0.35 / 1EA, Add to cart , Save to list 
H2juice Berry Mix 1.25l,https://www.woolworths.com.au/shop/productdetails/188703/h2juice-berry-mix,,https://assets.woolworths.com.au/images/1005/188703.jpg?impolicy=wowsmkqiema&w=260&h=260,$5.00,,$4.00 / 1L, Add to cart , Save to list 
Macro Organic Fairtrade Ground Coffee Dark 200g,https://www.woolworths.com.au/shop/productdetails/690359/macro-organic-fairtrade-ground-coffee-dark,,https://assets.woolworths.com.au/images/1005/690359.jpg?impolicy=wowsmkqiema&w=260&h=260,$6.60,,$3.30 / 100G, Add to cart , Save to list 
Bickford's Diet Lemon Lime & Bitters Cordial 750ml,https://www.woolworths.com.au/shop/productdetails/46788/bickford-s-diet-lemon-lime-bitters-cordial,,https://assets.woolworths.com.au/images/1005/46788.jpg?impolicy=wowsmkqiema&w=260&h=260,$4.50,,$6.00 / 1L, Add to cart , Save to list 
Remedy Organic Kombucha Passionfruit 1.25l,https://www.woolworths.com.au/shop/productdetails/151688/remedy-organic-kombucha-passionfruit,https://www.woolworths.com.au/content/promotiontags/roundel-special-200x200.png,https://assets.woolworths.com.au/images/1005/151688.jpg?impolicy=wowsmkqiema&w=260&h=260,$6.00,$8.75,$4.80 / 1L, Add to cart , Save to list 
Avalanche 99% Sugar Free Vanilla Chai Latte 10 Pack,https://www.woolworths.com.au/shop/productdetails/226153/avalanche-99-sugar-free-vanilla-chai-latte,,https://assets.woolworths.com.au/images/1005/226153.jpg?impolicy=wowsmkqiema&w=260&h=260,,,,, Save to list 
Vithit Immunitea Dragonfruit & Yuzu 500ml,https://www.woolworths.com.au/shop/productdetails/188863/vithit-immunitea-dragonfruit-yuzu,,https://assets.woolworths.com.au/images/1005/188863.jpg?impolicy=wowsmkqiema&w=260&h=260,,,,, Save to list 
Woolworths Cappuccino Coffee Sachets 10 Pack,https://www.woolworths.com.au/shop/productdetails/319550/woolworths-cappuccino-coffee-sachets,,https://assets.woolworths.com.au/images/1005/319550.jpg?impolicy=wowsmkqiema&w=260&h=260,$3.25,,$0.33 / 1EA, Add to cart , Save to list 
Golden Circle Fruit Juice Box Poppers Tropical Juice No Added Sugar 200ml X6 Pack,https://www.woolworths.com.au/shop/productdetails/477418/golden-circle-fruit-juice-box-poppers-tropical-juice-no-added-sugar,,https://assets.woolworths.com.au/images/1005/477418.jpg?impolicy=wowsmkqiema&w=260&h=260,$6.50,,$5.42 / 1L, Add to cart , Save to list 
Mother Zero Sugar Original Energy Drink 500ml X4 Pack,https://www.woolworths.com.au/shop/productdetails/733745/mother-zero-sugar-original-energy-drink,https://www.woolworths.com.au/content/promotiontags/roundel-special-200x200.png,https://assets.woolworths.com.au/images/1005/733745.jpg?impolicy=wowsmkqiema&w=260&h=260,$8.35,$11.95,$4.18 / 1L, Add to cart , Save to list 
Cottee's Zero Sugar Fruit Cup Cordial 1l,https://www.woolworths.com.au/shop/productdetails/227739/cottees-zero-sugar-fruit-cup-cordial,https://www.woolworths.com.au/content/promotiontags/roundel-special-200x200.png,https://assets.woolworths.com.au/images/1005/227739.jpg?impolicy=wowsmkqiema&w=260&h=260,$4.50,$5.90,$4.50 / 1L, Add to cart , Save to list 
Eastcoast Wake Up Shake Up Juice 2l,https://www.woolworths.com.au/shop/productdetails/22187/eastcoast-wake-up-shake-up-juice,https://www.woolworths.com.au/content/promotiontags/roundel-special-200x200.png,https://assets.woolworths.com.au/images/1005/22187.jpg?impolicy=wowsmkqiema&w=260&h=260,$5.40,$6.00,$2.70 / 1L, Add to cart , Save to list 
Cottee's Zero Sugar Cordial Orange & Mango 1l,https://www.woolworths.com.au/shop/productdetails/229567/cottees-zero-sugar-cordial-orange-mango,https://www.woolworths.com.au/content/promotiontags/roundel-special-200x200.png,https://assets.woolworths.com.au/images/1005/229567.jpg?impolicy=wowsmkqiema&w=260&h=260,$4.50,$5.90,$4.50 / 1L, Add to cart , Save to list 
Splash Fruity Water Raspberry Flavour 250ml X 6 Pack,https://www.woolworths.com.au/shop/productdetails/242313/splash-fruity-water-raspberry-flavour,,https://assets.woolworths.com.au/images/1005/242313.jpg?impolicy=wowsmkqiema&w=260&h=260,$3.50,,$2.33 / 1L, Add to cart , Save to list 
Lo Bros Kombucha Soda Lemon Lime & Bitters 4 Pack,https://www.woolworths.com.au/shop/productdetails/99050/lo-bros-kombucha-soda-lemon-lime-bitters,https://www.woolworths.com.au/content/promotiontags/roundel-special-200x200.png,https://assets.woolworths.com.au/images/1005/99050.jpg?impolicy=wowsmkqiema&w=260&h=260,$8.50,$12.50,$6.44 / 1L, Add to cart , Save to list 
Kintra Foods Dandy Chai Blend 90g,https://www.woolworths.com.au/shop/productdetails/425685/kintra-foods-dandy-chai-blend,,https://assets.woolworths.com.au/images/1005/425685.jpg?impolicy=wowsmkqiema&w=260&h=260,$7.50,,$8.33 / 100G, Add to cart , Save to list 
Golden Circle Grape Juice No Added Sugar Fruits Juices 2l,https://www.woolworths.com.au/shop/productdetails/51657/golden-circle-grape-juice-no-added-sugar-fruits-juices,,https://assets.woolworths.com.au/images/1005/51657.jpg?impolicy=wowsmkqiema&w=260&h=260,$4.80,,$2.40 / 1L, Add to cart , Save to list 
Nescafe Dolce Gusto Flat White Coffee Pods 16 Pack,https://www.woolworths.com.au/shop/productdetails/699538/nescafe-dolce-gusto-flat-white-coffee-pods,,https://assets.woolworths.com.au/images/1005/699538.jpg?impolicy=wowsmkqiema&w=260&h=260,$10.00,,$0.63 / 1EA, Add to cart , Save to list 
L'or Espresso Lungo Estremo Intensity 10 Coffee Capsules 10 Pack,https://www.woolworths.com.au/shop/productdetails/687775/l-or-espresso-lungo-estremo-intensity-10-coffee-capsules,,https://assets.woolworths.com.au/images/1005/687775.jpg?impolicy=wowsmkqiema&w=260&h=260,$7.50,,$0.75 / 1EA, Add to cart , Save to list 
Golden Circle Drinks Apple Blackcurrant Fruit Drink 1l,https://www.woolworths.com.au/shop/productdetails/826651/golden-circle-drinks-apple-blackcurrant-fruit-drink,,https://assets.woolworths.com.au/images/1005/826651.jpg?impolicy=wowsmkqiema&w=260&h=260,$2.70,,$2.70 / 1L, Add to cart , Save to list 
Oxyshred Ultra Energy Zero Sugar Passionfruit Can 355ml,https://www.woolworths.com.au/shop/productdetails/230703/oxyshred-ultra-energy-zero-sugar-passionfruit-can,,https://assets.woolworths.com.au/images/1005/230703.jpg?impolicy=wowsmkqiema&w=260&h=260,,,,, Save to list 
Pepsi Max Bottle 600ml,https://www.woolworths.com.au/shop/productdetails/175763/pepsi-max-bottle,https://www.woolworths.com.au/content/promotiontags/chilled-roundel.png,https://assets.woolworths.com.au/images/1005/175763.jpg?impolicy=wowsmkqiema&w=260&h=260,$3.65,,$6.08 / 1L, Add to cart , Save to list 
V Energy Drink Blue Can 250ml,https://www.woolworths.com.au/shop/productdetails/711024/v-energy-drink-blue-can,,https://assets.woolworths.com.au/images/1005/711024.jpg?impolicy=wowsmkqiema&w=260&h=260,$2.50,,$10.00 / 1L, Add to cart , Save to list 
Happy Way Charge Up Watermelon 300g,https://www.woolworths.com.au/shop/productdetails/1073797683/happy-way-charge-up-watermelon-300g,https://www.woolworths.com.au/content/promotiontags/roundel-special-200x200.png,https://assets.woolworths.com.au/images/1005/1073797683.jpg?impolicy=wowsmkqiema&w=260&h=260,$58.36,$72.95,$19.45 / 100G, Add to cart , Save to list 
Lo Bros Kombucha Soda Cola 4 X250ml,https://www.woolworths.com.au/shop/productdetails/114152/lo-bros-kombucha-soda-cola,https://www.woolworths.com.au/content/promotiontags/roundel-special-200x200.png,https://assets.woolworths.com.au/images/1005/114152.jpg?impolicy=wowsmkqiema&w=260&h=260,$6.00,$8.75,$6.00 / 1L, Add to cart , Save to list 
﻿Harris Coffee Ground Strong 1kg,https://www.woolworths.com.au/shop/productdetails/91149/harris-coffee-ground-strong,,https://assets.woolworths.com.au/images/1005/91149.jpg?impolicy=wowsmkqiema&w=260&h=260,$26.00,,$2.60 / 100G, Add to cart , Save to list 
Twinings Live Well Glow Tea Bags 20 Pack,https://www.woolworths.com.au/shop/productdetails/225978/twinings-live-well-glow-tea-bags,,https://assets.woolworths.com.au/images/1005/225978.jpg?impolicy=wowsmkqiema&w=260&h=260,$7.50,,$0.38 / 1EA, Add to cart , Save to list 
Nescafe Coffee Sachets 98% Sugar Free Mocha 10 Pack,https://www.woolworths.com.au/shop/productdetails/115794/nescafe-coffee-sachets-98-sugar-free-mocha,https://www.woolworths.com.au/content/promotiontags/roundel-half-price-200x200.png,https://assets.woolworths.com.au/images/1005/115794.jpg?impolicy=wowsmkqiema&w=260&h=260,$3.80,$7.60,$0.38 / 1EA, Add to cart , Save to list 
L'or Espresso Onyx Intensity 12 Coffee Capsules 40 Pack,https://www.woolworths.com.au/shop/productdetails/90979/l-or-espresso-onyx-intensity-12-coffee-capsules,,https://assets.woolworths.com.au/images/1005/90979.jpg?impolicy=wowsmkqiema&w=260&h=260,$22.00,,$0.55 / 1EA, Add to cart , Save to list 
Bundaberg Diet Ginger Beer 750ml,https://www.woolworths.com.au/shop/productdetails/240850/bundaberg-diet-ginger-beer,,https://assets.woolworths.com.au/images/1005/240850.jpg?impolicy=wowsmkqiema&w=260&h=260,$3.55,,$4.73 / 1L, Add to cart , Save to list 
Daily Juice Pop Top Apple Juice 250ml,https://www.woolworths.com.au/shop/productdetails/842046/daily-juice-pop-top-apple-juice,https://www.woolworths.com.au/content/promotiontags/roundel-special-200x200.png,https://assets.woolworths.com.au/images/1005/842046.jpg?impolicy=wowsmkqiema&w=260&h=260,$1.75,$2.00,$7.00 / 1L, Add to cart , Save to list 
Lipton Ice Tea No Sugar Lemon 500ml,https://www.woolworths.com.au/shop/productdetails/221517/lipton-ice-tea-no-sugar-lemon,,https://assets.woolworths.com.au/images/1005/221517.jpg?impolicy=wowsmkqiema&w=260&h=260,$3.00,,$6.00 / 1L, Add to cart , Save to list 
Lo Bros Kombucha Soda Cola 4 Pack,https://www.woolworths.com.au/shop/productdetails/99506/lo-bros-kombucha-soda-cola,https://www.woolworths.com.au/content/promotiontags/roundel-special-200x200.png,https://assets.woolworths.com.au/images/1005/99506.jpg?impolicy=wowsmkqiema&w=260&h=260,$8.50,$12.50,$6.44 / 1L, Add to cart , Save to list 
Impressed Pressed Juice Berry Bliss 1l,https://www.woolworths.com.au/shop/productdetails/157508/impressed-pressed-juice-berry-bliss,,https://assets.woolworths.com.au/images/1005/157508.jpg?impolicy=wowsmkqiema&w=260&h=260,$4.00,,$4.00 / 1L, Add to cart , Save to list 
Jarrah Swiss Café Instant Mocha 250g,https://www.woolworths.com.au/shop/productdetails/254492/jarrah-swiss-caf-instant-mocha-swiss-style-cocoa-98-fat-free,,https://assets.woolworths.com.au/images/1005/254492.jpg?impolicy=wowsmkqiema&w=260&h=260,$7.50,,$3.00 / 100G, Add to cart , Save to list 
Cottee's Cordial Apple & Raspberry 1l,https://www.woolworths.com.au/shop/productdetails/362472/cottees-cordial-apple-raspberry,https://www.woolworths.com.au/content/promotiontags/roundel-special-200x200.png,https://assets.woolworths.com.au/images/1005/362472.jpg?impolicy=wowsmkqiema&w=260&h=260,$4.50,$5.90,$4.50 / 1L, Add to cart , Save to list 
Wolf Blass Zero Sparkling Cuvee 750ml,https://www.woolworths.com.au/shop/productdetails/186981/wolf-blass-zero-sparkling-cuvee,,https://assets.woolworths.com.au/images/1005/186981.jpg?impolicy=wowsmkqiema&w=260&h=260,$13.50,,$18.00 / 1L, Add to cart , Save to list 
Moccona Coffee Sachets Latte 30 Pack,https://www.woolworths.com.au/shop/productdetails/174717/moccona-coffee-sachets-latte,,https://assets.woolworths.com.au/images/1005/174717.jpg?impolicy=wowsmkqiema&w=260&h=260,$12.00,,$0.40 / 1EA, Add to cart , Save to list 
Bickford's Tropical Flavoured Cordial Sugar Free 750ml,https://www.woolworths.com.au/shop/productdetails/227593/bickford-s-tropical-flavoured-cordial-sugar-free,,https://assets.woolworths.com.au/images/1005/227593.jpg?impolicy=wowsmkqiema&w=260&h=260,$4.50,,$6.00 / 1L, Add to cart , Save to list 
Naked Life Non Alcoholic Negroni Spritz 250ml X4 Pack,https://www.woolworths.com.au/shop/productdetails/178861/naked-life-non-alcoholic-negroni-spritz,https://www.woolworths.com.au/content/promotiontags/roundel-special-200x200.png,https://assets.woolworths.com.au/images/1005/178861.jpg?impolicy=wowsmkqiema&w=260&h=260,$12.00,$15.00,$12.00 / 1L, Add to cart , Save to list 
Moccona Freeze Dried Instant Coffee Classic Medium Roast 100g,https://www.woolworths.com.au/shop/productdetails/38078/moccona-freeze-dried-instant-coffee-classic-medium-roast,https://www.woolworths.com.au/content/promotiontags/roundel-special-200x200.png,https://assets.woolworths.com.au/images/1005/38078.jpg?impolicy=wowsmkqiema&w=260&h=260,$8.05,$11.50,$8.05 / 100G, Add to cart , Save to list 
Woolworths Apple Juice 3l,https://www.woolworths.com.au/shop/productdetails/852421/woolworths-apple-juice,,https://assets.woolworths.com.au/images/1005/852421.jpg?impolicy=wowsmkqiema&w=260&h=260,$4.20,,$1.40 / 1L, Add to cart , Save to list 
V Energy Blue Sugar Free 250ml,https://www.woolworths.com.au/shop/productdetails/108466/v-energy-blue-sugar-free,,https://assets.woolworths.com.au/images/1005/108466.jpg?impolicy=wowsmkqiema&w=260&h=260,$2.50,,$10.00 / 1L, Add to cart , Save to list 
Lavazza Qualita Oro Ground Coffee 500g,https://www.woolworths.com.au/shop/productdetails/86917/lavazza-qualita-oro-ground-coffee,,https://assets.woolworths.com.au/images/1005/86917.jpg?impolicy=wowsmkqiema&w=260&h=260,$20.00,,$4.00 / 100G, Add to cart , Save to list 
V Energy Drink Raspberry Lemonade 500ml,https://www.woolworths.com.au/shop/productdetails/82413/v-energy-drink-raspberry-lemonade,,https://assets.woolworths.com.au/images/1005/82413.jpg?impolicy=wowsmkqiema&w=260&h=260,$4.00,,$8.00 / 1L, Add to cart , Save to list 
Oxyshred Ultra Energy Zero Sugar Kiwi Strawberry Can 355ml,https://www.woolworths.com.au/shop/productdetails/230862/oxyshred-ultra-energy-zero-sugar-kiwi-strawberry-can,,https://assets.woolworths.com.au/images/1005/230862.jpg?impolicy=wowsmkqiema&w=260&h=260,$6.00,,$16.90 / 1L, Add to cart , Save to list 
L'or Lungo Profondo Coffee Capsules 20 Pack,https://www.woolworths.com.au/shop/productdetails/687778/l-or-lungo-profondo-coffee-capsules,,https://assets.woolworths.com.au/images/1005/687778.jpg?impolicy=wowsmkqiema&w=260&h=260,$13.00,,$0.65 / 1EA, Add to cart , Save to list 
Nexba Naturally Sugar Free Ginger Beer Crafted Soda Cans 4 X250ml,https://www.woolworths.com.au/shop/productdetails/228043/nexba-naturally-sugar-free-ginger-beer-crafted-soda-cans,https://www.woolworths.com.au/content/promotiontags/roundel-special-200x200.png,https://assets.woolworths.com.au/images/1005/228043.jpg?impolicy=wowsmkqiema&w=260&h=260,$5.45,$7.80,$5.45 / 1L, Add to cart , Save to list 
Golden Circle Apple & Mango Juice Poppers No Added Sugar Multipack Juice 200ml X6 Pack,https://www.woolworths.com.au/shop/productdetails/477442/golden-circle-apple-mango-juice-poppers-no-added-sugar-multipack-juice,,https://assets.woolworths.com.au/images/1005/477442.jpg?impolicy=wowsmkqiema&w=260&h=260,$6.50,,$5.42 / 1L, Add to cart , Save to list 
Golden Circle Breakfast Juice No Added Sugar Pineapple Fruit Juices 3l,https://www.woolworths.com.au/shop/productdetails/176819/golden-circle-breakfast-juice-no-added-sugar-pineapple-fruit-juices,,https://assets.woolworths.com.au/images/1005/176819.jpg?impolicy=wowsmkqiema&w=260&h=260,$5.50,,$1.83 / 1L, Add to cart , Save to list 
Splash Fruity Water Blackcurrant Flavour 250ml X 6 Pack,https://www.woolworths.com.au/shop/productdetails/243363/splash-fruity-water-blackcurrant-flavour,,https://assets.woolworths.com.au/images/1005/243363.jpg?impolicy=wowsmkqiema&w=260&h=260,$3.50,,$2.33 / 1L, Add to cart , Save to list 
Ovaltine Lasting Energy Drink 415g,https://www.woolworths.com.au/shop/productdetails/619371/ovaltine-lasting-energy-drink-lasting-energy,,https://assets.woolworths.com.au/images/1005/619371.jpg?impolicy=wowsmkqiema&w=260&h=260,$7.00,,$1.69 / 100G, Add to cart , Save to list 
Moccona Cadbury Caramel Mocha Sachets 8 Pack,https://www.woolworths.com.au/shop/productdetails/211718/moccona-cadbury-caramel-mocha-sachets,https://www.woolworths.com.au/content/promotiontags/roundel-special-200x200.png,https://assets.woolworths.com.au/images/1005/211718.jpg?impolicy=wowsmkqiema&w=260&h=260,$3.50,$6.00,$0.44 / 1EA, Add to cart , Save to list 
Lipton Iced Tea Passionfruit Sachets 20 Pack,https://www.woolworths.com.au/shop/productdetails/176993/lipton-iced-tea-passionfruit-sachets,,https://assets.woolworths.com.au/images/1005/176993.jpg?impolicy=wowsmkqiema&w=260&h=260,$6.50,,$0.33 / 1EA, Add to cart , Save to list 
Nescafe Blend 43 Instant Coffee Jar 50g,https://www.woolworths.com.au/shop/productdetails/33832/nescafe-blend-43-instant-coffee-jar,,https://assets.woolworths.com.au/images/1005/33832.jpg?impolicy=wowsmkqiema&w=260&h=260,,,,, Save to list 
Naked Life Non Alcoholic Wimbledon Spritz 250ml X4 Pack,https://www.woolworths.com.au/shop/productdetails/179448/naked-life-non-alcoholic-wimbledon-spritz,https://www.woolworths.com.au/content/promotiontags/roundel-special-200x200.png,https://assets.woolworths.com.au/images/1005/179448.jpg?impolicy=wowsmkqiema&w=260&h=260,$12.00,$15.00,$12.00 / 1L, Add to cart , Save to list 
Nescafe Gold Orginal Soluble Instant Coffee 100g,https://www.woolworths.com.au/shop/productdetails/687035/nescafe-gold-orginal-soluble-instant-coffee,,https://assets.woolworths.com.au/images/1005/687035.jpg?impolicy=wowsmkqiema&w=260&h=260,$11.50,,$11.50 / 100G, Add to cart , Save to list 
Avalanche Milky Bubble Tea 5 Pack,https://www.woolworths.com.au/shop/productdetails/155812/avalanche-milky-bubble-tea,,https://assets.woolworths.com.au/images/1005/155812.jpg?impolicy=wowsmkqiema&w=260&h=260,$8.00,,$1.60 / 1EA, Add to cart , Save to list 
Moccona Freeze Dried Instant Coffee Classic Dark Roast 400g,https://www.woolworths.com.au/shop/productdetails/256700/moccona-freeze-dried-instant-coffee-classic-dark-roast,https://www.woolworths.com.au/content/promotiontags/roundel-special-200x200.png,https://assets.woolworths.com.au/images/1005/256700.jpg?impolicy=wowsmkqiema&w=260&h=260,$19.50,$28.00,$4.88 / 100G, Add to cart , Save to list 
Naked Life Indian Tonic Sugar Free Mixer Premium Tonic Cans 250ml X4 Pack,https://www.woolworths.com.au/shop/productdetails/222842/naked-life-indian-tonic-sugar-free-mixer-premium-tonic-cans,https://www.woolworths.com.au/content/promotiontags/roundel-special-200x200.png,https://assets.woolworths.com.au/images/1005/222842.jpg?impolicy=wowsmkqiema&w=260&h=260,$5.60,$8.00,$5.60 / 1L, Add to cart , Save to list 
Golden Circle Apple Blackcurrant Juice No Added Sugar Fruit Juices 2l,https://www.woolworths.com.au/shop/productdetails/787164/golden-circle-apple-blackcurrant-juice-no-added-sugar-fruit-juices,,https://assets.woolworths.com.au/images/1005/787164.jpg?impolicy=wowsmkqiema&w=260&h=260,$4.80,,$2.40 / 1L, Add to cart , Save to list 
Buderim Ginger Refresher Cordial No Sugar 750ml,https://www.woolworths.com.au/shop/productdetails/159881/buderim-ginger-refresher-cordial-no-sugar,,https://assets.woolworths.com.au/images/1005/159881.jpg?impolicy=wowsmkqiema&w=260&h=260,$4.50,,$6.00 / 1L, Add to cart , Save to list 
V Energy Refresh Citrus Lemonade Sugar Free Can 250ml,https://www.woolworths.com.au/shop/productdetails/228013/v-energy-refresh-citrus-lemonade-sugar-free-can,,https://assets.woolworths.com.au/images/1005/228013.jpg?impolicy=wowsmkqiema&w=260&h=260,$2.50,,$10.00 / 1L, Add to cart , Save to list 
Nestle Milo Original Flavoured Milk Can 240ml,https://www.woolworths.com.au/shop/productdetails/95935/nestle-milo-original-flavoured-milk-can,,https://assets.woolworths.com.au/images/1005/95935.jpg?impolicy=wowsmkqiema&w=260&h=260,$3.20,,$13.33 / 1L, Add to cart , Save to list 
Boost Energy Lift 1l,https://www.woolworths.com.au/shop/productdetails/310704/boost-energy-lift,,https://assets.woolworths.com.au/images/1005/310704.jpg?impolicy=wowsmkqiema&w=260&h=260,$5.80,,$5.80 / 1L, Add to cart , Save to list 
P&n Mango Nectar Fruit Juice 2l,https://www.woolworths.com.au/shop/productdetails/229433/p-n-mango-nectar-fruit-juice,,https://assets.woolworths.com.au/images/1005/229433.jpg?impolicy=wowsmkqiema&w=260&h=260,$3.50,,$1.75 / 1L, Add to cart , Save to list 
Bushells Turkish Coffee 250g,https://www.woolworths.com.au/shop/productdetails/757042/bushells-turkish-coffee,https://www.woolworths.com.au/content/promotiontags/roundel-special-200x200.png,https://assets.woolworths.com.au/images/1005/757042.jpg?impolicy=wowsmkqiema&w=260&h=260,$7.40,$9.00,$2.96 / 100G, Add to cart , Save to list 
Great Northern Brewing Company Zero Alcohol 375ml X6 Pack,https://www.woolworths.com.au/shop/productdetails/120830/great-northern-brewing-company-zero-alcohol,https://www.woolworths.com.au/content/promotiontags/roundel-special-200x200.png,https://assets.woolworths.com.au/images/1005/120830.jpg?impolicy=wowsmkqiema&w=260&h=260,$11.70,$13.00,$5.20 / 1L, Add to cart , Save to list 
Australia's Own Kid's Milk Strawberry 200ml,https://www.woolworths.com.au/shop/productdetails/259489/australia-s-own-kid-s-milk-strawberry,,https://assets.woolworths.com.au/images/1005/259489.jpg?impolicy=wowsmkqiema&w=260&h=260,$5.65,,$4.71 / 1L, Add to cart , Save to list 
Bottlegreen Cordial Elderflower 500ml,https://www.woolworths.com.au/shop/productdetails/306978/bottlegreen-cordial-elderflower,,https://assets.woolworths.com.au/images/1005/306978.jpg?impolicy=wowsmkqiema&w=260&h=260,$8.00,,$16.00 / 1L, Add to cart , Save to list 
Nescafe Coffee Sachets Skim Cappuccino 26 Pack,https://www.woolworths.com.au/shop/productdetails/549626/nescafe-coffee-sachets-skim-cappuccino-skim-cappucino,,https://assets.woolworths.com.au/images/1005/549626.jpg?impolicy=wowsmkqiema&w=260&h=260,$11.00,,$0.42 / 1EA, Add to cart , Save to list 
Nestle Coffee Mate Coffee Flavouring Hazelnut 10 Pack,https://www.woolworths.com.au/shop/productdetails/147697/nestle-coffee-mate-coffee-flavouring-hazelnut,,https://assets.woolworths.com.au/images/1005/147697.jpg?impolicy=wowsmkqiema&w=260&h=260,$5.30,,$0.53 / 1EA, Add to cart , Save to list 
Nescafe Coffee Sachets Latte 10 Pack,https://www.woolworths.com.au/shop/productdetails/22823/nescafe-coffee-sachets-latte,https://www.woolworths.com.au/content/promotiontags/roundel-half-price-200x200.png,https://assets.woolworths.com.au/images/1005/22823.jpg?impolicy=wowsmkqiema&w=260&h=260,$3.80,$7.60,$0.38 / 1EA, Add to cart , Save to list 
Vittoria Coffee Decaffinated Coffee Bags 20 Pack,https://www.woolworths.com.au/shop/productdetails/222908/vittoria-coffee-decaffinated-coffee-bags,,https://assets.woolworths.com.au/images/1005/222908.jpg?impolicy=wowsmkqiema&w=260&h=260,$13.50,,$0.68 / 1EA, Add to cart , Save to list 
Lavazza A Modo Mio Delizioso Coffee Capsules 16 Pack,https://www.woolworths.com.au/shop/productdetails/554677/lavazza-a-modo-mio-delizioso-coffee-capsules,,https://assets.woolworths.com.au/images/1005/554677.jpg?impolicy=wowsmkqiema&w=260&h=260,$12.50,,$0.78 / 1EA, Add to cart , Save to list 
Golden Circle Fruit Drinks Mango Nectar 1l,https://www.woolworths.com.au/shop/productdetails/786549/golden-circle-fruit-drinks-mango-nectar,,https://assets.woolworths.com.au/images/1005/786549.jpg?impolicy=wowsmkqiema&w=260&h=260,$3.60,,$3.60 / 1L, Add to cart , Save to list 
Bickford's Mango Iced Tea Cordial 750ml,https://www.woolworths.com.au/shop/productdetails/160505/bickford-s-mango-iced-tea-cordial,,https://assets.woolworths.com.au/images/1005/160505.jpg?impolicy=wowsmkqiema&w=260&h=260,$4.50,,$6.00 / 1L, Add to cart , Save to list 
"Bickford's Orange, Lemon & Lime Cordial 750ml",https://www.woolworths.com.au/shop/productdetails/229635/bickford-s-orange-lemon-lime-cordial,,https://assets.woolworths.com.au/images/1005/229635.jpg?impolicy=wowsmkqiema&w=260&h=260,$4.50,,$6.00 / 1L, Add to cart , Save to list 
Daily Juice Breakfast 500ml,https://www.woolworths.com.au/shop/productdetails/711677/daily-juice-breakfast,,https://assets.woolworths.com.au/images/1005/711677.jpg?impolicy=wowsmkqiema&w=260&h=260,$2.80,,$5.60 / 1L, Add to cart , Save to list 
Impressed Cold Pressed Juice Jack Rose 325ml,https://www.woolworths.com.au/shop/productdetails/629052/impressed-cold-pressed-juice-jack-rose,https://www.woolworths.com.au/content/promotiontags/roundel-special-200x200.png,https://assets.woolworths.com.au/images/1005/629052.jpg?impolicy=wowsmkqiema&w=260&h=260,$3.10,$3.60,$9.54 / 1L, Add to cart , Save to list 
Red Bull Energy Drink Zero 250ml,https://www.woolworths.com.au/shop/productdetails/766988/red-bull-energy-drink-zero,,https://assets.woolworths.com.au/images/1005/766988.jpg?impolicy=wowsmkqiema&w=260&h=260,$3.10,,$12.40 / 1L, Add to cart , Save to list 
Moccona Cadbury Hazelnut Mocha Sachets 8 Pack,https://www.woolworths.com.au/shop/productdetails/214182/moccona-cadbury-hazelnut-mocha-sachets,https://www.woolworths.com.au/content/promotiontags/roundel-special-200x200.png,https://assets.woolworths.com.au/images/1005/214182.jpg?impolicy=wowsmkqiema&w=260&h=260,$3.50,$6.00,$0.44 / 1EA, Add to cart , Save to list 
Woolworths Tomato Juice 850ml,https://www.woolworths.com.au/shop/productdetails/18468/woolworths-tomato-juice,,https://assets.woolworths.com.au/images/1005/18468.jpg?impolicy=wowsmkqiema&w=260&h=260,$1.95,,$2.29 / 1L, Add to cart , Save to list 
Nexba Naturally Sugar Free Pineapple Crafted Soda Cans 4 X250ml,https://www.woolworths.com.au/shop/productdetails/227785/nexba-naturally-sugar-free-pineapple-crafted-soda-cans,https://www.woolworths.com.au/content/promotiontags/roundel-special-200x200.png,https://assets.woolworths.com.au/images/1005/227785.jpg?impolicy=wowsmkqiema&w=260&h=260,$5.45,$7.80,$5.45 / 1L, Add to cart , Save to list 
Moccona Barista Reserve Coffee Capsules Long Black 8 10 Pack,https://www.woolworths.com.au/shop/productdetails/687787/moccona-barista-reserve-coffee-capsules-long-black-8,https://www.woolworths.com.au/content/promotiontags/roundel-special-200x200.png,https://assets.woolworths.com.au/images/1005/687787.jpg?impolicy=wowsmkqiema&w=260&h=260,$3.50,$5.00,$0.35 / 1EA, Add to cart , Save to list 
Original Juice Veggie Goodness Spinach Zucchini Kale 1l,https://www.woolworths.com.au/shop/productdetails/229453/original-juice-veggie-goodness-spinach-zucchini-kale,,https://assets.woolworths.com.au/images/1005/229453.jpg?impolicy=wowsmkqiema&w=260&h=260,$6.00,,$6.00 / 1L, Add to cart , Save to list 
Lavazza Espresso Barista Gran Crema Coffee Beans 1kg,https://www.woolworths.com.au/shop/productdetails/94147/lavazza-espresso-barista-gran-crema-coffee-beans,,https://assets.woolworths.com.au/images/1005/94147.jpg?impolicy=wowsmkqiema&w=260&h=260,$40.00,,$4.00 / 100G, Add to cart , Save to list 
Caffe Aurora Prima Qualita Coffee Beans 1kg,https://www.woolworths.com.au/shop/productdetails/159012/caffe-aurora-prima-qualita-coffee-beans,,https://assets.woolworths.com.au/images/1005/159012.jpg?impolicy=wowsmkqiema&w=260&h=260,$19.00,,$1.90 / 100G, Add to cart , Save to list 
Heaps Normal Quiet Xpa Cans 375ml X 4 Pack,https://www.woolworths.com.au/shop/productdetails/976049/heaps-normal-quiet-xpa-cans,,https://assets.woolworths.com.au/images/1005/976049.jpg?impolicy=wowsmkqiema&w=260&h=260,$16.00,,, Add to cart , Save to list 
Mcguigan Alcohol Free Shiraz 750ml,https://www.woolworths.com.au/shop/productdetails/147836/mcguigan-alcohol-free-shiraz,,https://assets.woolworths.com.au/images/1005/147836.jpg?impolicy=wowsmkqiema&w=260&h=260,$12.50,,$16.67 / 1L, Add to cart , Save to list 
Golden Circle Pine Orange No Added Sugar Juice Pineapple Fruit Juice 2l,https://www.woolworths.com.au/shop/productdetails/104407/golden-circle-pine-orange-no-added-sugar-juice-pineapple-fruit-juice,,https://assets.woolworths.com.au/images/1005/104407.jpg?impolicy=wowsmkqiema&w=260&h=260,$4.80,,$2.40 / 1L, Add to cart , Save to list 
Nescafe Blend 43 Decaffeinated Instant Coffee 250g,https://www.woolworths.com.au/shop/productdetails/10927/nescafe-blend-43-decaffeinated-instant-coffee,,https://assets.woolworths.com.au/images/1005/10927.jpg?impolicy=wowsmkqiema&w=260&h=260,$21.00,,$8.40 / 100G, Add to cart , Save to list 
Bickford's Cherry Juice 1l,https://www.woolworths.com.au/shop/productdetails/677524/bickford-s-cherry-juice,https://www.woolworths.com.au/content/promotiontags/roundel-special-200x200.png,https://assets.woolworths.com.au/images/1005/677524.jpg?impolicy=wowsmkqiema&w=260&h=260,$5.50,$6.50,$5.50 / 1L, Add to cart , Save to list 
Golden Circle Fruit Drinks Pear Nectar 1l,https://www.woolworths.com.au/shop/productdetails/786550/golden-circle-fruit-drinks-pear-nectar,,https://assets.woolworths.com.au/images/1005/786550.jpg?impolicy=wowsmkqiema&w=260&h=260,$3.60,,$3.60 / 1L, Add to cart , Save to list 
Buderim Ginger Cordial 750ml,https://www.woolworths.com.au/shop/productdetails/146307/buderim-ginger-cordial,,https://assets.woolworths.com.au/images/1005/146307.jpg?impolicy=wowsmkqiema&w=260&h=260,$4.50,,$6.00 / 1L, Add to cart , Save to list 
P&n Orange Juice 2l,https://www.woolworths.com.au/shop/productdetails/229143/p-n-orange-juice,,https://assets.woolworths.com.au/images/1005/229143.jpg?impolicy=wowsmkqiema&w=260&h=260,$3.00,,$1.50 / 1L, Add to cart , Save to list 
Lipton Iced Tea Mango Sachets 20 Pack,https://www.woolworths.com.au/shop/productdetails/176904/lipton-iced-tea-mango-sachets,,https://assets.woolworths.com.au/images/1005/176904.jpg?impolicy=wowsmkqiema&w=260&h=260,$6.50,,$0.33 / 1EA, Add to cart , Save to list 
Woolworths Fruit Juice Syrup 30% Fruit Blackcurrant 750ml,https://www.woolworths.com.au/shop/productdetails/141202/woolworths-fruit-juice-syrup-30-fruit-blackcurrant,,https://assets.woolworths.com.au/images/1005/141202.jpg?impolicy=wowsmkqiema&w=260&h=260,$3.80,,$5.07 / 1L, Add to cart , Save to list 
Moccona Freeze Dried Instant Coffee Caramel 95g,https://www.woolworths.com.au/shop/productdetails/732562/moccona-freeze-dried-instant-coffee-caramel,https://www.woolworths.com.au/content/promotiontags/roundel-special-200x200.png,https://assets.woolworths.com.au/images/1005/732562.jpg?impolicy=wowsmkqiema&w=260&h=260,$8.05,$11.50,$8.47 / 100G, Add to cart , Save to list 
L'or Espresso Papua New Guinea Intensity 7 Coffee Capsules 10 Pack,https://www.woolworths.com.au/shop/productdetails/604173/l-or-espresso-papua-new-guinea-intensity-7-coffee-capsules,,https://assets.woolworths.com.au/images/1005/604173.jpg?impolicy=wowsmkqiema&w=260&h=260,$7.50,,$0.75 / 1EA, Add to cart , Save to list 
Fanta What The Fanta? No Sugar 1.25l,https://www.woolworths.com.au/shop/productdetails/238684/fanta-what-the-fanta-no-sugar,,https://assets.woolworths.com.au/images/1005/238684.jpg?impolicy=wowsmkqiema&w=260&h=260,,,,, Save to list 
Higher Living Organic Sweet Chai Tea Bags 15 Pack,https://www.woolworths.com.au/shop/productdetails/227465/higher-living-organic-sweet-chai-tea-bags,,https://assets.woolworths.com.au/images/1005/227465.jpg?impolicy=wowsmkqiema&w=260&h=260,$4.40,,$0.29 / 1EA, Add to cart , Save to list 
Nescafe Gold Decaffeinated Instant Coffee 100g,https://www.woolworths.com.au/shop/productdetails/687063/nescafe-gold-decaffeinated-instant-coffee,,https://assets.woolworths.com.au/images/1005/687063.jpg?impolicy=wowsmkqiema&w=260&h=260,$13.50,,$13.50 / 100G, Add to cart , Save to list 
Harris Coffee Ground Smooth 1kg,https://www.woolworths.com.au/shop/productdetails/93039/harris-coffee-ground-smooth,,https://assets.woolworths.com.au/images/1005/93039.jpg?impolicy=wowsmkqiema&w=260&h=260,$26.00,,$2.60 / 100G, Add to cart , Save to list 
Nestle Malted Milk 500g,https://www.woolworths.com.au/shop/productdetails/103284/nestle-malted-milk,,https://assets.woolworths.com.au/images/1005/103284.jpg?impolicy=wowsmkqiema&w=260&h=260,$10.00,,$2.00 / 100G, Add to cart , Save to list 
Avalanche Brown Sugar Bubble Tea 5 Pack,https://www.woolworths.com.au/shop/productdetails/155457/avalanche-brown-sugar-bubble-tea,,https://assets.woolworths.com.au/images/1005/155457.jpg?impolicy=wowsmkqiema&w=260&h=260,$8.00,,$1.60 / 1EA, Add to cart , Save to list 
Woolworths Lime Cordial 750ml,https://www.woolworths.com.au/shop/productdetails/323210/woolworths-lime-cordial,,https://assets.woolworths.com.au/images/1005/323210.jpg?impolicy=wowsmkqiema&w=260&h=260,$3.00,,$4.00 / 1L, Add to cart , Save to list 
Mildura Apple & Guava 3l,https://www.woolworths.com.au/shop/productdetails/157221/mildura-apple-guava,,https://assets.woolworths.com.au/images/1005/157221.jpg?impolicy=wowsmkqiema&w=260&h=260,$5.00,,$1.67 / 1L, Add to cart , Save to list 
Fitch & Leedes Pink G&t Non 300ml X 4 Pack,https://www.woolworths.com.au/shop/productdetails/991958/fitch-leedes-pink-g-t-non,,https://assets.woolworths.com.au/images/1005/991958.jpg?impolicy=wowsmkqiema&w=260&h=260,,,,, Save to list 
Campos Superior Ground Coffee 250g,https://www.woolworths.com.au/shop/productdetails/128377/campos-superior-ground-coffee,,https://assets.woolworths.com.au/images/1005/128377.jpg?impolicy=wowsmkqiema&w=260&h=260,,,,, Save to list 
L'or Espresso Vanilla Capsules 10 Pack,https://www.woolworths.com.au/shop/productdetails/214141/l-or-espresso-vanilla-capsules,,https://assets.woolworths.com.au/images/1005/214141.jpg?impolicy=wowsmkqiema&w=260&h=260,$7.50,,$0.75 / 1EA, Add to cart , Save to list 
Bushells Powdered Coffee Classic 200g,https://www.woolworths.com.au/shop/productdetails/478354/bushells-powdered-coffee-classic,https://www.woolworths.com.au/content/promotiontags/roundel-special-200x200.png,https://assets.woolworths.com.au/images/1005/478354.jpg?impolicy=wowsmkqiema&w=260&h=260,$6.80,$8.50,$3.40 / 100G, Add to cart , Save to list 
Australia's Own Barista Oat Milk 1l,https://www.woolworths.com.au/shop/productdetails/272150/australia-s-own-barista-oat-milk,,https://assets.woolworths.com.au/images/1005/272150.jpg?impolicy=wowsmkqiema&w=260&h=260,$4.50,,$4.50 / 1L, Add to cart , Save to list 
Nexba Sugar Free Kombucha Mixed Berry 1l,https://www.woolworths.com.au/shop/productdetails/23772/nexba-sugar-free-kombucha-mixed-berry,https://www.woolworths.com.au/content/promotiontags/roundel-special-200x200.png,https://assets.woolworths.com.au/images/1005/23772.jpg?impolicy=wowsmkqiema&w=260&h=260,$5.20,$6.20,$5.20 / 1L, Add to cart , Save to list 
Vessel Spring Water 750ml,https://www.woolworths.com.au/shop/productdetails/229959/vessel-spring-water,,https://assets.woolworths.com.au/images/1005/229959.jpg?impolicy=wowsmkqiema&w=260&h=260,,,,, Save to list 
L'or Espresso Chocolate Capsules 10 Pack,https://www.woolworths.com.au/shop/productdetails/213434/l-or-espresso-chocolate-capsules,,https://assets.woolworths.com.au/images/1005/213434.jpg?impolicy=wowsmkqiema&w=260&h=260,$7.50,,$0.75 / 1EA, Add to cart , Save to list 
Caffe Aurora Freeze Dried Coffee Italian Style 100g,https://www.woolworths.com.au/shop/productdetails/175462/caffe-aurora-freeze-dried-coffee-italian-style,,https://assets.woolworths.com.au/images/1005/175462.jpg?impolicy=wowsmkqiema&w=260&h=260,$7.00,,$7.00 / 100G, Add to cart , Save to list 
Grinders Rainforest Alliance Certified Coffee Beans Espresso 1kg,https://www.woolworths.com.au/shop/productdetails/936138/grinders-rainforest-alliance-certified-coffee-beans-espresso,https://www.woolworths.com.au/content/promotiontags/roundel-special-200x200.png,https://assets.woolworths.com.au/images/1005/936138.jpg?impolicy=wowsmkqiema&w=260&h=260,$24.50,$35.00,$2.45 / 100G, Add to cart , Save to list 
StrangeLove Soda Water 180ml Bottles - 6x4 Pack,https://www.woolworths.com.au/shop/productdetails/1073863256/strangelove-soda-water-180ml-bottles-6x4-pack,https://www.woolworths.com.au/content/promotiontags/everyday-market-free-shipping-v2.svg,https://assets.woolworths.com.au/images/1005/1073863256.jpg?impolicy=wowsmkqiema&w=260&h=260,$60.00,,$13.89 / 1L, Add to cart , Save to list 
Caffe Aurora Italian Blend Coffee Beans 1kg,https://www.woolworths.com.au/shop/productdetails/158974/caffe-aurora-italian-blend-coffee-beans,,https://assets.woolworths.com.au/images/1005/158974.jpg?impolicy=wowsmkqiema&w=260&h=260,$19.00,,$1.90 / 100G, Add to cart , Save to list 
Red Bull Energy Drink 473ml,https://www.woolworths.com.au/shop/productdetails/327603/red-bull-energy-drink,,https://assets.woolworths.com.au/images/1005/327603.jpg?impolicy=wowsmkqiema&w=260&h=260,$5.10,,$10.78 / 1L, Add to cart , Save to list 
Sprite Lemon+ Soft Drink Bottle 600ml,https://www.woolworths.com.au/shop/productdetails/244388/sprite-lemon-soft-drink-bottle,,https://assets.woolworths.com.au/images/1005/244388.jpg?impolicy=wowsmkqiema&w=260&h=260,$4.05,,$6.75 / 1L, Add to cart , Save to list 
Nescafe Farmers Origins Capsules Brazil 10 Pack,https://www.woolworths.com.au/shop/productdetails/151242/nescafe-farmers-origins-capsules-brazil,,https://assets.woolworths.com.au/images/1005/151242.jpg?impolicy=wowsmkqiema&w=260&h=260,$7.00,,$0.70 / 1EA, Add to cart , Save to list 
Nexba Passionfruit Crafted Soda All Natural Sugar Free Cans 4 X250ml,https://www.woolworths.com.au/shop/productdetails/228063/nexba-passionfruit-crafted-soda-all-natural-sugar-free-cans,https://www.woolworths.com.au/content/promotiontags/roundel-special-200x200.png,https://assets.woolworths.com.au/images/1005/228063.jpg?impolicy=wowsmkqiema&w=260&h=260,$5.45,$7.80,$5.45 / 1L, Add to cart , Save to list 
Harris Coffee Ground Smooth 200g,https://www.woolworths.com.au/shop/productdetails/92218/harris-coffee-ground-smooth,,https://assets.woolworths.com.au/images/1005/92218.jpg?impolicy=wowsmkqiema&w=260&h=260,$9.50,,$4.75 / 100G, Add to cart , Save to list 
Madura Green Leaf Tea Organic 150g,https://www.woolworths.com.au/shop/productdetails/427885/madura-green-leaf-tea-organic,,https://assets.woolworths.com.au/images/1005/427885.jpg?impolicy=wowsmkqiema&w=260&h=260,$7.10,,$4.73 / 100G, Add to cart , Save to list 
Pauls Bluey Full Cream Milk 200ml X 6 Pack,https://www.woolworths.com.au/shop/productdetails/221770/pauls-bluey-full-cream-milk,https://www.woolworths.com.au/content/promotiontags/roundel-special-200x200.png,https://assets.woolworths.com.au/images/1005/221770.jpg?impolicy=wowsmkqiema&w=260&h=260,$4.20,$5.20,$3.50 / 1L, Add to cart , Save to list 
Moccona Caramel Latte Coffee Sachets 30 Pack,https://www.woolworths.com.au/shop/productdetails/176950/moccona-caramel-latte-coffee-sachets,,https://assets.woolworths.com.au/images/1005/176950.jpg?impolicy=wowsmkqiema&w=260&h=260,$12.00,,$0.40 / 1EA, Add to cart , Save to list 
L'or Espresso Colombia Andes Intensity 08 Coffee Capsules 40 Pack,https://www.woolworths.com.au/shop/productdetails/160221/l-or-espresso-colombia-andes-intensity-08-coffee-capsules,https://www.woolworths.com.au/content/promotiontags/final_only_at_woolworths_roundel_200x200.png,https://assets.woolworths.com.au/images/1005/160221.jpg?impolicy=wowsmkqiema&w=260&h=260,$22.00,,$0.55 / 1EA, Add to cart , Save to list 
Barista Bros Double Espresso No Added Sugar Flavoured Milk Bottle 500ml,https://www.woolworths.com.au/shop/productdetails/953816/barista-bros-double-espresso-no-added-sugar-flavoured-milk-bottle,https://www.woolworths.com.au/content/promotiontags/chilled-roundel.png,https://assets.woolworths.com.au/images/1005/953816.jpg?impolicy=wowsmkqiema&w=260&h=260,$3.15,,$6.30 / 1L, Add to cart , Save to list 
Red Eye Energy Drink Platinum 330ml,https://www.woolworths.com.au/shop/productdetails/116221/red-eye-energy-drink-platinum,https://www.woolworths.com.au/content/promotiontags/roundel-special-200x200.png,https://assets.woolworths.com.au/images/1005/116221.jpg?impolicy=wowsmkqiema&w=260&h=260,$2.00,$2.90,$6.06 / 1L, Add to cart , Save to list 
Carlton Zero Alcohol 330ml X6 Pack,https://www.woolworths.com.au/shop/productdetails/69217/carlton-zero-alcohol,,https://assets.woolworths.com.au/images/1005/69217.jpg?impolicy=wowsmkqiema&w=260&h=260,$12.00,,$6.06 / 1L, Add to cart , Save to list 
Nudie Nothing But Carrot Ginger & More 400ml,https://www.woolworths.com.au/shop/productdetails/784641/nudie-nothing-but-carrot-ginger-more,https://www.woolworths.com.au/content/promotiontags/roundel-special-200x200.png,https://assets.woolworths.com.au/images/1005/784641.jpg?impolicy=wowsmkqiema&w=260&h=260,$3.50,$3.90,$8.75 / 1L, Add to cart , Save to list 
Nescafe Dolce Gusto Espresso Intenso Coffee Pods 16 Pack,https://www.woolworths.com.au/shop/productdetails/805950/nescafe-dolce-gusto-espresso-intenso-coffee-pods,,https://assets.woolworths.com.au/images/1005/805950.jpg?impolicy=wowsmkqiema&w=260&h=260,$10.00,,$0.63 / 1EA, Add to cart , Save to list 
Lo Bros Kombucha Pineapple & Lime 750ml,https://www.woolworths.com.au/shop/productdetails/175503/lo-bros-kombucha-pineapple-lime,https://www.woolworths.com.au/content/promotiontags/roundel-special-200x200.png,https://assets.woolworths.com.au/images/1005/175503.jpg?impolicy=wowsmkqiema&w=260&h=260,$5.00,$7.50,$6.67 / 1L, Add to cart , Save to list 
Golden Circle Orange Mango Juice No Added Sugar Fruit Juice Breakfast 2l,https://www.woolworths.com.au/shop/productdetails/787165/golden-circle-orange-mango-juice-no-added-sugar-fruit-juice-breakfast,,https://assets.woolworths.com.au/images/1005/787165.jpg?impolicy=wowsmkqiema&w=260&h=260,$4.80,,$2.40 / 1L, Add to cart , Save to list 
Mood Tea Sweet Lullaby Rooibos Liquorice & Vanilla 10 Pack,https://www.woolworths.com.au/shop/productdetails/226207/mood-tea-sweet-lullaby-rooibos-liquorice-vanilla,,https://assets.woolworths.com.au/images/1005/226207.jpg?impolicy=wowsmkqiema&w=260&h=260,$7.00,,$0.70 / 1EA, Add to cart , Save to list 
La Ice No Sugar Cola Cans 12 X 375ml,https://www.woolworths.com.au/shop/productdetails/193511/la-ice-no-sugar-cola-cans,,https://assets.woolworths.com.au/images/1005/193511.jpg?impolicy=wowsmkqiema&w=260&h=260,$8.00,,$1.78 / 1L, Add to cart , Save to list 
Avalanche 99% Sugar Free Caramelised White Chocolate 10 Pack,https://www.woolworths.com.au/shop/productdetails/153042/avalanche-99-sugar-free-caramelised-white-chocolate,https://www.woolworths.com.au/content/promotiontags/roundel-special-200x200.png,https://assets.woolworths.com.au/images/1005/153042.jpg?impolicy=wowsmkqiema&w=260&h=260,$4.40,$5.50,$0.44 / 1EA, Add to cart , Save to list 
Vithit Perform 500ml,https://www.woolworths.com.au/shop/productdetails/136472/vithit-perform-500ml-vithit-perform,,https://assets.woolworths.com.au/images/1005/136472.jpg?impolicy=wowsmkqiema&w=260&h=260,$4.50,,$9.00 / 1L, Add to cart , Save to list 
Mother Razzle Berry Raspberry Flavoured Energy Drink 500ml X4 Pack,https://www.woolworths.com.au/shop/productdetails/221408/mother-razzle-berry-raspberry-flavoured-energy-drink,https://www.woolworths.com.au/content/promotiontags/roundel-special-200x200.png,https://assets.woolworths.com.au/images/1005/221408.jpg?impolicy=wowsmkqiema&w=260&h=260,$8.35,$11.95,$4.18 / 1L, Add to cart , Save to list 
Vit-hit Lean & Green 500ml,https://www.woolworths.com.au/shop/productdetails/139986/vithit-vit-hit-lean-green,,https://assets.woolworths.com.au/images/1005/139986.jpg?impolicy=wowsmkqiema&w=260&h=260,$4.50,,$9.00 / 1L, Add to cart , Save to list 
Moccona Coffee Sachets Skim Cappuccino 10 Pack,https://www.woolworths.com.au/shop/productdetails/175513/moccona-coffee-sachets-skim-cappuccino,https://www.woolworths.com.au/content/promotiontags/roundel-special-200x200.png,https://assets.woolworths.com.au/images/1005/175513.jpg?impolicy=wowsmkqiema&w=260&h=260,$3.50,$6.00,$0.35 / 1EA, Add to cart , Save to list 
Lucozade Original Energy Drink 380ml,https://www.woolworths.com.au/shop/productdetails/769446/lucozade-original-energy-drink,,https://assets.woolworths.com.au/images/1005/769446.jpg?impolicy=wowsmkqiema&w=260&h=260,$3.20,,$8.42 / 1L, Add to cart , Save to list 
Avalanche Strawberry Bubble Tea 5 Pack,https://www.woolworths.com.au/shop/productdetails/155681/avalanche-strawberry-bubble-tea,,https://assets.woolworths.com.au/images/1005/155681.jpg?impolicy=wowsmkqiema&w=260&h=260,$8.00,,$1.60 / 1EA, Add to cart , Save to list 
Daily Juice Apple & Blackcurrant Juice 2l,https://www.woolworths.com.au/shop/productdetails/157109/daily-juice-apple-blackcurrant-juice,,https://assets.woolworths.com.au/images/1005/157109.jpg?impolicy=wowsmkqiema&w=260&h=260,$5.00,,$2.50 / 1L, Add to cart , Save to list 
Byron Chai Indian Spiced Tea 100g,https://www.woolworths.com.au/shop/productdetails/116060/byron-chai-indian-spiced-tea,https://www.woolworths.com.au/content/promotiontags/roundel-special-200x200.png,https://assets.woolworths.com.au/images/1005/116060.jpg?impolicy=wowsmkqiema&w=260&h=260,$6.20,$7.20,$6.20 / 100G, Add to cart , Save to list 
Avalanche Caramel Bubble Tea 5 Pack,https://www.woolworths.com.au/shop/productdetails/155240/avalanche-caramel-bubble-tea,,https://assets.woolworths.com.au/images/1005/155240.jpg?impolicy=wowsmkqiema&w=260&h=260,$8.00,,$1.60 / 1EA, Add to cart , Save to list 
Hardys Zero Shiraz Alcohol Free 750ml,https://www.woolworths.com.au/shop/productdetails/222738/hardys-zero-shiraz-alcohol-free,,https://assets.woolworths.com.au/images/1005/222738.jpg?impolicy=wowsmkqiema&w=260&h=260,$13.00,,$17.33 / 1L, Add to cart , Save to list 
Eastcoast Orange & Passionfruit 2l,https://www.woolworths.com.au/shop/productdetails/938274/eastcoast-orange-passionfruit,https://www.woolworths.com.au/content/promotiontags/roundel-special-200x200.png,https://assets.woolworths.com.au/images/1005/938274.jpg?impolicy=wowsmkqiema&w=260&h=260,$5.40,$6.00,$2.70 / 1L, Add to cart , Save to list 
Oxyshred Ultra Energy Zero Sugar Pina Colada Can 355ml,https://www.woolworths.com.au/shop/productdetails/230822/oxyshred-ultra-energy-zero-sugar-pina-colada-can,,https://assets.woolworths.com.au/images/1005/230822.jpg?impolicy=wowsmkqiema&w=260&h=260,$6.00,,$16.90 / 1L, Add to cart , Save to list 
"Mood Tea Happy Days Hibiscus, Apple & Ginger 10 Pack",https://www.woolworths.com.au/shop/productdetails/227407/mood-tea-happy-days-hibiscus-apple-ginger,,https://assets.woolworths.com.au/images/1005/227407.jpg?impolicy=wowsmkqiema&w=260&h=260,$7.00,,$0.70 / 1EA, Add to cart , Save to list 
Harris Coffee Ground Very Strong 200g,https://www.woolworths.com.au/shop/productdetails/91097/harris-coffee-ground-very-strong,,https://assets.woolworths.com.au/images/1005/91097.jpg?impolicy=wowsmkqiema&w=260&h=260,$9.50,,$4.75 / 100G, Add to cart , Save to list 
Belvoir Farm Elderflower & Rose Cordial 500ml,https://www.woolworths.com.au/shop/productdetails/678579/belvoir-farm-elderflower-rose-cordial,,https://assets.woolworths.com.au/images/1005/678579.jpg?impolicy=wowsmkqiema&w=260&h=260,$6.30,,$12.60 / 1L, Add to cart , Save to list 
"Evian Natural Mineral Water, 24 x 500ml Bottles",https://www.woolworths.com.au/shop/productdetails/1073973115/evian-natural-mineral-water-24-x-500ml-bottles,https://www.woolworths.com.au/content/promotiontags/everyday-market-free-shipping-v2.svg,https://assets.woolworths.com.au/images/1005/1073973115.jpg?impolicy=wowsmkqiema&w=260&h=260,$52.00,,, Add to cart , Save to list 
Lavazza Espresso Barista Intenso Coffee Beans 1kg,https://www.woolworths.com.au/shop/productdetails/94146/lavazza-espresso-barista-intenso-coffee-beans,,https://assets.woolworths.com.au/images/1005/94146.jpg?impolicy=wowsmkqiema&w=260&h=260,$40.00,,$4.00 / 100G, Add to cart , Save to list 
"Golden Circle Apple, Mango & Banana Juice No Added Sugar Fruit Juices 2l",https://www.woolworths.com.au/shop/productdetails/51655/golden-circle-apple-mango-banana-juice-no-added-sugar-fruit-juices,,https://assets.woolworths.com.au/images/1005/51655.jpg?impolicy=wowsmkqiema&w=260&h=260,$4.80,,$2.40 / 1L, Add to cart , Save to list 
Nescafe Double Shot Latte Sachets 10 Pack,https://www.woolworths.com.au/shop/productdetails/242067/nescafe-double-shot-latte-sachets,https://www.woolworths.com.au/content/promotiontags/roundel-half-price-200x200.png,https://assets.woolworths.com.au/images/1005/242067.jpg?impolicy=wowsmkqiema&w=260&h=260,$3.80,$7.60,$0.38 / 1EA, Add to cart , Save to list 
Sacred Grounds Groover Blend Ground Coffee Beans 200g,https://www.woolworths.com.au/shop/productdetails/96518/sacred-grounds-groover-blend-ground-coffee-beans,,https://assets.woolworths.com.au/images/1005/96518.jpg?impolicy=wowsmkqiema&w=260&h=260,$12.00,,$6.00 / 100G, Add to cart , Save to list 
Naked Life Pink Grapefruit Sugar Free Mixer Premium Soda Cans 250ml X4 Pack,https://www.woolworths.com.au/shop/productdetails/221563/naked-life-pink-grapefruit-sugar-free-mixer-premium-soda-cans,https://www.woolworths.com.au/content/promotiontags/roundel-special-200x200.png,https://assets.woolworths.com.au/images/1005/221563.jpg?impolicy=wowsmkqiema&w=260&h=260,$5.60,$8.00,$5.60 / 1L, Add to cart , Save to list 
Boost All Berry Bang Juice 1l,https://www.woolworths.com.au/shop/productdetails/470766/boost-all-berry-bang-juice,,https://assets.woolworths.com.au/images/1005/470766.jpg?impolicy=wowsmkqiema&w=260&h=260,$5.80,,$5.80 / 1L, Add to cart , Save to list 
Starbucks Signature Hot Chocolate 42% Cocoa Powder 330g,https://www.woolworths.com.au/shop/productdetails/216282/starbucks-signature-hot-chocolate-42-cocoa-powder,,https://assets.woolworths.com.au/images/1005/216282.jpg?impolicy=wowsmkqiema&w=260&h=260,$8.60,,$2.61 / 100G, Add to cart , Save to list 
Ocean Spray Cran Pomegranate Juice Drink 1.5l,https://www.woolworths.com.au/shop/productdetails/311515/ocean-spray-cran-pomegranate-juice-drink,,https://assets.woolworths.com.au/images/1005/311515.jpg?impolicy=wowsmkqiema&w=260&h=260,$6.40,,$4.27 / 1L, Add to cart , Save to list 
Moccona Freeze Dried Instant Coffee Rich 200g,https://www.woolworths.com.au/shop/productdetails/371037/moccona-freeze-dried-instant-coffee-rich,,https://assets.woolworths.com.au/images/1005/371037.jpg?impolicy=wowsmkqiema&w=260&h=260,$17.00,,$8.50 / 100G, Add to cart , Save to list 
Moccona Coffee Sachets Sweet Cappuccino 10 Pack,https://www.woolworths.com.au/shop/productdetails/174539/moccona-coffee-sachets-sweet-cappuccino,https://www.woolworths.com.au/content/promotiontags/roundel-special-200x200.png,https://assets.woolworths.com.au/images/1005/174539.jpg?impolicy=wowsmkqiema&w=260&h=260,$3.50,$6.00,$0.35 / 1EA, Add to cart , Save to list 
Peroni Nastro Azzurro 0% Beer Bottles 330ml X 6 Pack,https://www.woolworths.com.au/shop/productdetails/979820/peroni-nastro-azzurro-0-beer-bottles,,https://assets.woolworths.com.au/images/1005/979820.jpg?impolicy=wowsmkqiema&w=260&h=260,$14.50,,, Add to cart , Save to list 
Mother Energy Drink Lava Guava Can 500ml,https://www.woolworths.com.au/shop/productdetails/223752/mother-energy-drink-lava-guava-can,,https://assets.woolworths.com.au/images/1005/223752.jpg?impolicy=wowsmkqiema&w=260&h=260,$3.05,,$6.10 / 1L, Add to cart , Save to list 
"Evian Natural Mineral Water, 24 x 330ml Bottles",https://www.woolworths.com.au/shop/productdetails/1073973111/evian-natural-mineral-water-24-x-330ml-bottles,,https://assets.woolworths.com.au/images/1005/1073973111.jpg?impolicy=wowsmkqiema&w=260&h=260,$42.00,,, Add to cart , Save to list 
So Good High Protein Almond 1l,https://www.woolworths.com.au/shop/productdetails/171712/so-good-high-protein-almond,,https://assets.woolworths.com.au/images/1005/171712.jpg?impolicy=wowsmkqiema&w=260&h=260,$3.40,,$3.40 / 1L, Add to cart , Save to list 
Nudie Nothing But Apples Cloudy Juice 3l,https://www.woolworths.com.au/shop/productdetails/665417/nudie-nothing-but-apples-cloudy-juice,https://www.woolworths.com.au/content/promotiontags/roundel-special-200x200.png,https://assets.woolworths.com.au/images/1005/665417.jpg?impolicy=wowsmkqiema&w=260&h=260,$10.00,$11.00,$3.33 / 1L, Add to cart , Save to list 
Twinings Live Well Calm Tea Bags 18 Pack,https://www.woolworths.com.au/shop/productdetails/226438/twinings-live-well-calm-tea-bags,,https://assets.woolworths.com.au/images/1005/226438.jpg?impolicy=wowsmkqiema&w=260&h=260,$7.50,,$0.42 / 1EA, Add to cart , Save to list 
Daily Juice Breakfast Burst Juice 3l,https://www.woolworths.com.au/shop/productdetails/124506/daily-juice-breakfast-burst-juice,,https://assets.woolworths.com.au/images/1005/124506.jpg?impolicy=wowsmkqiema&w=260&h=260,$7.00,,$2.33 / 1L, Add to cart , Save to list 
Lavazza Prontissimo Espresso 95g,https://www.woolworths.com.au/shop/productdetails/95662/lavazza-prontissimo-espresso,,https://assets.woolworths.com.au/images/1005/95662.jpg?impolicy=wowsmkqiema&w=260&h=260,$11.00,,$11.58 / 100G, Add to cart , Save to list 
Sacred Grounds Breezy Blend Ground Coffee 200g,https://www.woolworths.com.au/shop/productdetails/94473/sacred-grounds-breezy-blend-ground-coffee,,https://assets.woolworths.com.au/images/1005/94473.jpg?impolicy=wowsmkqiema&w=260&h=260,$12.00,,$6.00 / 100G, Add to cart , Save to list 
Nescafe Gold Short Black Espresso Instant Coffee 100g,https://www.woolworths.com.au/shop/productdetails/686999/nescafe-gold-short-black-espresso-instant-coffee,,https://assets.woolworths.com.au/images/1005/686999.jpg?impolicy=wowsmkqiema&w=260&h=260,$13.50,,$13.50 / 100G, Add to cart , Save to list 
Nescafe Iced Coffee Cappuccino Sachets 8 Pack,https://www.woolworths.com.au/shop/productdetails/178192/nescafe-iced-coffee-cappuccino-sachets,https://www.woolworths.com.au/content/promotiontags/roundel-half-price-200x200.png,https://assets.woolworths.com.au/images/1005/178192.jpg?impolicy=wowsmkqiema&w=260&h=260,$3.80,$7.60,$0.48 / 1EA, Add to cart , Save to list 
Golden Circle Apple Blackcurrant Juice No Added Sugar Fruit Juices 3l,https://www.woolworths.com.au/shop/productdetails/825564/golden-circle-apple-blackcurrant-juice-no-added-sugar-fruit-juices,,https://assets.woolworths.com.au/images/1005/825564.jpg?impolicy=wowsmkqiema&w=260&h=260,$5.50,,$1.83 / 1L, Add to cart , Save to list 
Moccona Plant Based Coffee Sachets Soy Cappuccino 8 Pack,https://www.woolworths.com.au/shop/productdetails/92219/moccona-plant-based-coffee-sachets-soy-cappuccino,https://www.woolworths.com.au/content/promotiontags/roundel-special-200x200.png,https://assets.woolworths.com.au/images/1005/92219.jpg?impolicy=wowsmkqiema&w=260&h=260,$3.50,$6.00,$0.44 / 1EA, Add to cart , Save to list 
Ocean Spray Low Sugar Pineapple Cranberry Juice 1.5l,https://www.woolworths.com.au/shop/productdetails/219877/ocean-spray-low-sugar-pineapple-cranberry-juice,,https://assets.woolworths.com.au/images/1005/219877.jpg?impolicy=wowsmkqiema&w=260&h=260,$6.40,,$4.27 / 1L, Add to cart , Save to list 
Bickford's Blueberry Juice Drink 1l,https://www.woolworths.com.au/shop/productdetails/365244/bickford-s-blueberry-juice-drink,https://www.woolworths.com.au/content/promotiontags/roundel-special-200x200.png,https://assets.woolworths.com.au/images/1005/365244.jpg?impolicy=wowsmkqiema&w=260&h=260,$5.50,$6.50,$5.50 / 1L, Add to cart , Save to list 
Fever-tree Dry Ginger Ale 500ml,https://www.woolworths.com.au/shop/productdetails/70446/fever-tree-dry-ginger-ale,,https://assets.woolworths.com.au/images/1005/70446.jpg?impolicy=wowsmkqiema&w=260&h=260,$4.50,,$9.00 / 1L, Add to cart , Save to list 
Avalanche Mango Bubble Tea 5 Pack,https://www.woolworths.com.au/shop/productdetails/155185/avalanche-mango-bubble-tea,,https://assets.woolworths.com.au/images/1005/155185.jpg?impolicy=wowsmkqiema&w=260&h=260,$8.00,,$1.60 / 1EA, Add to cart , Save to list 
Moccona Plant Based Coffee Sachets Almond Caramel Latte 8 Pack,https://www.woolworths.com.au/shop/productdetails/159371/moccona-plant-based-coffee-sachets-almond-caramel-latte,https://www.woolworths.com.au/content/promotiontags/roundel-special-200x200.png,https://assets.woolworths.com.au/images/1005/159371.jpg?impolicy=wowsmkqiema&w=260&h=260,$3.50,$6.00,$0.44 / 1EA, Add to cart , Save to list 
Naked Life Sparkling Nootropics Calm Passionfruit Cans 250ml X4 Pack,https://www.woolworths.com.au/shop/productdetails/222538/naked-life-sparkling-nootropics-calm-passionfruit-cans,,https://assets.woolworths.com.au/images/1005/222538.jpg?impolicy=wowsmkqiema&w=260&h=260,$10.00,,$10.00 / 1L, Add to cart , Save to list 
Fitch & Leedes Island Fishbowl 300ml X 4 Pack,https://www.woolworths.com.au/shop/productdetails/991956/fitch-leedes-island-fishbowl,,https://assets.woolworths.com.au/images/1005/991956.jpg?impolicy=wowsmkqiema&w=260&h=260,$13.00,,, Add to cart , Save to list 
Jose Cuervo Margarita Cocktail Mix 1l,https://www.woolworths.com.au/shop/productdetails/63426/jose-cuervo-margarita-cocktail-mix,,https://assets.woolworths.com.au/images/1005/63426.jpg?impolicy=wowsmkqiema&w=260&h=260,$14.00,,$14.00 / 1L, Add to cart , Save to list 
Campos King St Aluminium Coffee Capsules 10 Pack,https://www.woolworths.com.au/shop/productdetails/222618/campos-king-st-aluminium-coffee-capsules,,https://assets.woolworths.com.au/images/1005/222618.jpg?impolicy=wowsmkqiema&w=260&h=260,$9.50,,$0.95 / 1EA, Add to cart , Save to list 
Naked Life Sparkling Nootropics Focus Mixed Berries Cans 250ml X4 Pack,https://www.woolworths.com.au/shop/productdetails/222537/naked-life-sparkling-nootropics-focus-mixed-berries-cans,,https://assets.woolworths.com.au/images/1005/222537.jpg?impolicy=wowsmkqiema&w=260&h=260,$10.00,,$10.00 / 1L, Add to cart , Save to list 
Mother Energy Drink Frosty Berry Can 500ml,https://www.woolworths.com.au/shop/productdetails/732371/mother-energy-drink-frosty-berry-can,,https://assets.woolworths.com.au/images/1005/732371.jpg?impolicy=wowsmkqiema&w=260&h=260,$3.05,,$6.10 / 1L, Add to cart , Save to list 
StrangeLove Light Tonic Water 180ml Bottles - 6x4 Pack,https://www.woolworths.com.au/shop/productdetails/1073863252/strangelove-light-tonic-water-180ml-bottles-6x4-pack,https://www.woolworths.com.au/content/promotiontags/everyday-market-free-shipping-v2.svg,https://assets.woolworths.com.au/images/1005/1073863252.jpg?impolicy=wowsmkqiema&w=260&h=260,$60.00,,$13.89 / 1L, Add to cart , Save to list 
Boost Energy Lift 350ml,https://www.woolworths.com.au/shop/productdetails/359115/boost-energy-lift,,https://assets.woolworths.com.au/images/1005/359115.jpg?impolicy=wowsmkqiema&w=260&h=260,$4.00,,$11.43 / 1L, Add to cart , Save to list 
Lavazza A Modo Mio Passionale Coffee Capsules 16 Pack,https://www.woolworths.com.au/shop/productdetails/554892/lavazza-a-modo-mio-passionale-coffee-capsules,,https://assets.woolworths.com.au/images/1005/554892.jpg?impolicy=wowsmkqiema&w=260&h=260,$12.50,,$0.78 / 1EA, Add to cart , Save to list 
Gokids Vanilla Oat Milk 200ml,https://www.woolworths.com.au/shop/productdetails/223978/gokids-vanilla-oat-milk,,https://assets.woolworths.com.au/images/1005/223978.jpg?impolicy=wowsmkqiema&w=260&h=260,$3.30,,$5.50 / 1L, Add to cart , Save to list 
Woolworths Latte Coffee Sachets 10 Pack,https://www.woolworths.com.au/shop/productdetails/319548/woolworths-latte-coffee-sachets,,https://assets.woolworths.com.au/images/1005/319548.jpg?impolicy=wowsmkqiema&w=260&h=260,$3.25,,$0.33 / 1EA, Add to cart , Save to list 
Nescafe Gold Intense Soluble Instant Coffee 200g,https://www.woolworths.com.au/shop/productdetails/687036/nescafe-gold-intense-soluble-instant-coffee,https://www.woolworths.com.au/content/promotiontags/roundel-special-200x200.png,https://assets.woolworths.com.au/images/1005/687036.jpg?impolicy=wowsmkqiema&w=260&h=260,$11.00,$15.00,$5.50 / 100G, Add to cart , Save to list 
Xxxx Zero Bottles 330ml X 6 Pack,https://www.woolworths.com.au/shop/productdetails/977426/xxxx-zero-bottles,,https://assets.woolworths.com.au/images/1005/977426.jpg?impolicy=wowsmkqiema&w=260&h=260,$12.00,,$6.06 / 1L, Add to cart , Save to list 
Coca-cola Classic Soft Drink Mini Can 250ml,https://www.woolworths.com.au/shop/productdetails/792193/coca-cola-classic-soft-drink-mini-can,https://www.woolworths.com.au/content/promotiontags/chilled-roundel.png,https://assets.woolworths.com.au/images/1005/792193.jpg?impolicy=wowsmkqiema&w=260&h=260,$2.40,,$9.60 / 1L, Add to cart , Save to list 
Red Bull Summer Apricot Strawberry 250ml X 4 Pack,https://www.woolworths.com.au/shop/productdetails/252067/red-bull-summer-apricot-strawberry,https://www.woolworths.com.au/content/promotiontags/roundel-special-200x200.png,https://assets.woolworths.com.au/images/1005/252067.jpg?impolicy=wowsmkqiema&w=260&h=260,$7.20,$12.00,$7.20 / 1L, Add to cart , Save to list 
SodaStream Fuse Bottle Twin Pack 0.5L,https://www.woolworths.com.au/shop/productdetails/1074014349/sodastream-fuse-bottle-twin-pack-0-5l,,https://assets.woolworths.com.au/images/1005/1074014349.jpg?impolicy=wowsmkqiema&w=260&h=260,$18.00,,$18.00 / 1EA, Add to cart , Save to list 
Lavazza Espresso Barista Perfetto Coffee Beans 1kg,https://www.woolworths.com.au/shop/productdetails/95564/lavazza-espresso-barista-perfetto-coffee-beans,,https://assets.woolworths.com.au/images/1005/95564.jpg?impolicy=wowsmkqiema&w=260&h=260,$40.00,,$4.00 / 100G, Add to cart , Save to list 
Mother Energy Drink Epic Swell Can 500ml,https://www.woolworths.com.au/shop/productdetails/82274/mother-energy-drink-epic-swell-can,,https://assets.woolworths.com.au/images/1005/82274.jpg?impolicy=wowsmkqiema&w=260&h=260,$3.05,,$6.10 / 1L, Add to cart , Save to list 
Coca-cola No Sugar Soft Drink Mini Can 250ml,https://www.woolworths.com.au/shop/productdetails/623069/coca-cola-no-sugar-soft-drink-mini-can,https://www.woolworths.com.au/content/promotiontags/chilled-roundel.png,https://assets.woolworths.com.au/images/1005/623069.jpg?impolicy=wowsmkqiema&w=260&h=260,$2.40,,$9.60 / 1L, Add to cart , Save to list 
Twinings Live Well Revive Tea Bags 20 Pack,https://www.woolworths.com.au/shop/productdetails/223901/twinings-live-well-revive-tea-bags,,https://assets.woolworths.com.au/images/1005/223901.jpg?impolicy=wowsmkqiema&w=260&h=260,$7.50,,$0.38 / 1EA, Add to cart , Save to list 
Moccona Freeze Dried Instant Coffee Hazelnut 95g,https://www.woolworths.com.au/shop/productdetails/732545/moccona-freeze-dried-instant-coffee-hazelnut,https://www.woolworths.com.au/content/promotiontags/roundel-special-200x200.png,https://assets.woolworths.com.au/images/1005/732545.jpg?impolicy=wowsmkqiema&w=260&h=260,$8.05,$11.50,$8.47 / 100G, Add to cart , Save to list 
Passiona Bottles 450ml X12 Pack,https://www.woolworths.com.au/shop/productdetails/231553/passiona-bottles,,https://assets.woolworths.com.au/images/1005/231553.jpg?impolicy=wowsmkqiema&w=260&h=260,,,,, Save to list 
Sacred Grounds Single Origin Peru Ground Coffee 200g,https://www.woolworths.com.au/shop/productdetails/95826/sacred-grounds-single-origin-peru-ground-coffee,,https://assets.woolworths.com.au/images/1005/95826.jpg?impolicy=wowsmkqiema&w=260&h=260,$12.00,,$6.00 / 100G, Add to cart , Save to list 
Impressed Cold Pressed Juice Raspberry Beret 1l,https://www.woolworths.com.au/shop/productdetails/22552/impressed-cold-pressed-juice-raspberry-beret,,https://assets.woolworths.com.au/images/1005/22552.jpg?impolicy=wowsmkqiema&w=260&h=260,$5.50,,$5.50 / 1L, Add to cart , Save to list 
Lavazza A Modo Mio Intenso 16 Pack,https://www.woolworths.com.au/shop/productdetails/28412/lavazza-a-modo-mio-intenso,,https://assets.woolworths.com.au/images/1005/28412.jpg?impolicy=wowsmkqiema&w=260&h=260,$12.50,,$0.78 / 1EA, Add to cart , Save to list 
SodaStream Terra Sparkling Water Maker - Red,https://www.woolworths.com.au/shop/productdetails/1074014370/sodastream-terra-sparkling-water-maker-red,https://www.woolworths.com.au/content/promotiontags/everyday-market-free-shipping-v2.svg,https://assets.woolworths.com.au/images/1005/1074014370.jpg?impolicy=wowsmkqiema&w=260&h=260,$109.00,,$109.00 / 1EA, Add to cart , Save to list 
Wolf Blass Zero Sauvignon Blanc 750ml,https://www.woolworths.com.au/shop/productdetails/182915/wolf-blass-zero-sauvignon-blanc,,https://assets.woolworths.com.au/images/1005/182915.jpg?impolicy=wowsmkqiema&w=260&h=260,$13.50,,, Add to cart , Save to list 
Naked Life Sparkling Nootropics Energise Citrus Burst Cans 250ml X4 Pack,https://www.woolworths.com.au/shop/productdetails/222615/naked-life-sparkling-nootropics-energise-citrus-burst-cans,,https://assets.woolworths.com.au/images/1005/222615.jpg?impolicy=wowsmkqiema&w=260&h=260,$10.00,,$10.00 / 1L, Add to cart , Save to list 
Nature's Cuppa Rich Roast Coffee Alternative Tin Caffeine Free 125g,https://www.woolworths.com.au/shop/productdetails/159844/nature-s-cuppa-rich-roast-coffee-alternative-tin-caffeine-free,,https://assets.woolworths.com.au/images/1005/159844.jpg?impolicy=wowsmkqiema&w=260&h=260,$6.00,,$4.80 / 100G, Add to cart , Save to list 
StrangeLove Yuzu Lo-Cal Soda 300ml Bottles - 6x4 Pack,https://www.woolworths.com.au/shop/productdetails/1073863275/strangelove-yuzu-lo-cal-soda-300ml-bottles-6x4-pack,https://www.woolworths.com.au/content/promotiontags/everyday-market-free-shipping-v2.svg,https://assets.woolworths.com.au/images/1005/1073863275.jpg?impolicy=wowsmkqiema&w=260&h=260,$78.00,,$10.83 / 1L, Add to cart , Save to list 
SodaStream Terra Sparkling Water Maker - White,https://www.woolworths.com.au/shop/productdetails/1074014377/sodastream-terra-sparkling-water-maker-white,https://www.woolworths.com.au/content/promotiontags/everyday-market-free-shipping-v2.svg,https://assets.woolworths.com.au/images/1005/1074014377.jpg?impolicy=wowsmkqiema&w=260&h=260,$109.00,,$109.00 / 1EA, Add to cart , Save to list 
Vittoria Coffee Decaffinated Coffee Beans 500g,https://www.woolworths.com.au/shop/productdetails/223415/vittoria-coffee-decaffinated-coffee-beans,,https://assets.woolworths.com.au/images/1005/223415.jpg?impolicy=wowsmkqiema&w=260&h=260,$25.00,,$5.00 / 100G, Add to cart , Save to list 
4 Pines Ultra Low Alcohol Beer Cans 375ml X 4 Pack,https://www.woolworths.com.au/shop/productdetails/216877/4-pines-ultra-low-alcohol-beer-cans,,https://assets.woolworths.com.au/images/1005/216877.jpg?impolicy=wowsmkqiema&w=260&h=260,$12.50,,$8.33 / 1L, Add to cart , Save to list 
Daily Juice Orange & Fibre 1l,https://www.woolworths.com.au/shop/productdetails/189081/daily-juice-orange-fibre,,https://assets.woolworths.com.au/images/1005/189081.jpg?impolicy=wowsmkqiema&w=260&h=260,$4.80,,$4.80 / 1L, Add to cart , Save to list 
Nudie Nothing But Apple Juice 1l,https://www.woolworths.com.au/shop/productdetails/740011/nudie-nothing-but-apple-juice,,https://assets.woolworths.com.au/images/1005/740011.jpg?impolicy=wowsmkqiema&w=260&h=260,$6.00,,$6.00 / 1L, Add to cart , Save to list 
Juice Lab Well Immune Multidose Orange Tumeric Ginger 350ml,https://www.woolworths.com.au/shop/productdetails/247557/juice-lab-well-immune-multidose-orange-tumeric-ginger,https://www.woolworths.com.au/content/promotiontags/roundel-special-200x200.png,https://assets.woolworths.com.au/images/1005/247557.jpg?impolicy=wowsmkqiema&w=260&h=260,$10.00,$12.00,$28.57 / 1L, Add to cart , Save to list 
The Juice Brothers Orange Pineapple 1.5l,https://www.woolworths.com.au/shop/productdetails/189736/the-juice-brothers-orange-pineapple,,https://assets.woolworths.com.au/images/1005/189736.jpg?impolicy=wowsmkqiema&w=260&h=260,$6.00,,$4.00 / 1L, Add to cart , Save to list 
Rockstar Energy Drink Original No Sugar 500ml,https://www.woolworths.com.au/shop/productdetails/230692/rockstar-energy-drink-original-no-sugar,https://www.woolworths.com.au/content/promotiontags/roundel-special-200x200.png,https://assets.woolworths.com.au/images/1005/230692.jpg?impolicy=wowsmkqiema&w=260&h=260,$2.70,$3.10,$5.40 / 1L, Add to cart , Save to list 
Devondale Full Cream Milk Powder 1kg,https://www.woolworths.com.au/shop/productdetails/750005/devondale-full-cream-milk-powder,,https://assets.woolworths.com.au/images/1005/750005.jpg?impolicy=wowsmkqiema&w=260&h=260,$16.50,,$1.65 / 100G, Add to cart , Save to list 
Avalanche 99% Sugar Free Cappucinno 10 Pack,https://www.woolworths.com.au/shop/productdetails/700134/avalanche-99-sugar-free-cappucinno,,https://assets.woolworths.com.au/images/1005/700134.jpg?impolicy=wowsmkqiema&w=260&h=260,$5.50,,$0.55 / 1EA, Add to cart , Save to list 
Nescafe White Choc Mocha Inspired By Milkybar Sachets 8 Pack,https://www.woolworths.com.au/shop/productdetails/222954/nescafe-white-choc-mocha-inspired-by-milkybar-sachets,https://www.woolworths.com.au/content/promotiontags/roundel-half-price-200x200.png,https://assets.woolworths.com.au/images/1005/222954.jpg?impolicy=wowsmkqiema&w=260&h=260,$3.80,$7.60,$0.48 / 1EA, Add to cart , Save to list 
Espressotoria Aurora Coffee Italian Coffee Capsules 100g,https://www.woolworths.com.au/shop/productdetails/798705/espressotoria-aurora-coffee-italian-coffee-capsules,,https://assets.woolworths.com.au/images/1005/798705.jpg?impolicy=wowsmkqiema&w=260&h=260,$5.00,,$0.42 / 1EA, Add to cart , Save to list 
Arkadia Vanilla Syrup 750ml,https://www.woolworths.com.au/shop/productdetails/1073927450/arkadia-vanilla-syrup-750ml,,https://assets.woolworths.com.au/images/1005/1073927450.jpg?impolicy=wowsmkqiema&w=260&h=260,$29.00,,$3.87 / 100ML, Add to cart , Save to list 
Boost Mango Tango 1l,https://www.woolworths.com.au/shop/productdetails/684270/boost-mango-tango,,https://assets.woolworths.com.au/images/1005/684270.jpg?impolicy=wowsmkqiema&w=260&h=260,$5.80,,$5.80 / 1L, Add to cart , Save to list 
Nescafe Gold Smooth Instant Coffee 180g,https://www.woolworths.com.au/shop/productdetails/703743/nescafe-gold-smooth-instant-coffee,https://www.woolworths.com.au/content/promotiontags/roundel-special-200x200.png,https://assets.woolworths.com.au/images/1005/703743.jpg?impolicy=wowsmkqiema&w=260&h=260,$11.00,$15.00,$6.11 / 100G, Add to cart , Save to list 
Nescafe Iced Coffee Cappuccino Vanilla Flavour Sachets 8 Pack,https://www.woolworths.com.au/shop/productdetails/176471/nescafe-iced-coffee-cappuccino-vanilla-flavour-sachets,https://www.woolworths.com.au/content/promotiontags/roundel-half-price-200x200.png,https://assets.woolworths.com.au/images/1005/176471.jpg?impolicy=wowsmkqiema&w=260&h=260,$3.80,$7.60,$0.48 / 1EA, Add to cart , Save to list 
L'or Espresso Onyx Coffee Capsules 20 Pack,https://www.woolworths.com.au/shop/productdetails/687776/l-or-espresso-onyx-coffee-capsules,,https://assets.woolworths.com.au/images/1005/687776.jpg?impolicy=wowsmkqiema&w=260&h=260,$13.00,,$0.65 / 1EA, Add to cart , Save to list 
Grinders Coffee Capsules Crema Caffitaly System 10 Pack,https://www.woolworths.com.au/shop/productdetails/829542/grinders-coffee-capsules-crema-caffitaly-system,https://www.woolworths.com.au/content/promotiontags/roundel-special-200x200.png,https://assets.woolworths.com.au/images/1005/829542.jpg?impolicy=wowsmkqiema&w=260&h=260,$6.40,$8.00,$0.64 / 1EA, Add to cart , Save to list 
Nescafe Gold Green And Roasted Instant Coffee 100g,https://www.woolworths.com.au/shop/productdetails/687061/nescafe-gold-green-and-roasted-instant-coffee,,https://assets.woolworths.com.au/images/1005/687061.jpg?impolicy=wowsmkqiema&w=260&h=260,$13.50,,$13.50 / 100G, Add to cart , Save to list 
Musashi High Protein Shake Chocolate Box 6 x 375ml,https://www.woolworths.com.au/shop/productdetails/1073992809/musashi-high-protein-shake-chocolate-box-6-x-375ml,https://www.woolworths.com.au/content/promotiontags/roundel-special-200x200.png,https://assets.woolworths.com.au/images/1005/1073992809.jpg?impolicy=wowsmkqiema&w=260&h=260,$21.55,,$5.75 / 100ML, Add to cart , Save to list 
Mood Tea Get On Up Pineapple & Cinnamon Tea Bags 10 Pack,https://www.woolworths.com.au/shop/productdetails/225651/mood-tea-get-on-up-pineapple-cinnamon-tea-bags,,https://assets.woolworths.com.au/images/1005/225651.jpg?impolicy=wowsmkqiema&w=260&h=260,$7.00,,$0.70 / 1EA, Add to cart , Save to list 
SodaStream Jet Sparkling Water Maker - Black Metallic,https://www.woolworths.com.au/shop/productdetails/1074014371/sodastream-jet-sparkling-water-maker-black-metallic,https://www.woolworths.com.au/content/promotiontags/everyday-market-free-shipping-v2.svg,https://assets.woolworths.com.au/images/1005/1074014371.jpg?impolicy=wowsmkqiema&w=260&h=260,$79.00,,$79.00 / 1EA, Add to cart , Save to list 
Moccona Barista Reserve Flat White Capsules 10 Pack,https://www.woolworths.com.au/shop/productdetails/219256/moccona-barista-reserve-flat-white-capsules,https://www.woolworths.com.au/content/promotiontags/roundel-special-200x200.png,https://assets.woolworths.com.au/images/1005/219256.jpg?impolicy=wowsmkqiema&w=260&h=260,$3.50,$5.00,$0.35 / 1EA, Add to cart , Save to list 
L'or Espresso Colombia Intensity 8 Coffee Capsules 20 Pack,https://www.woolworths.com.au/shop/productdetails/90847/l-or-espresso-colombia-intensity-8-coffee-capsules,,https://assets.woolworths.com.au/images/1005/90847.jpg?impolicy=wowsmkqiema&w=260&h=260,$13.00,,$0.65 / 1EA, Add to cart , Save to list 
Nescafe Choc Hazelnut Mocha 98% Sugar Free 10 Pack,https://www.woolworths.com.au/shop/productdetails/224622/nescafe-choc-hazelnut-mocha-98-sugar-free,https://www.woolworths.com.au/content/promotiontags/roundel-half-price-200x200.png,https://assets.woolworths.com.au/images/1005/224622.jpg?impolicy=wowsmkqiema&w=260&h=260,$3.80,$7.60,$0.38 / 1EA, Add to cart , Save to list 
Nature's Cuppa Freeze Dried Coffee Eco Organic 100g,https://www.woolworths.com.au/shop/productdetails/254591/nature-s-cuppa-freeze-dried-coffee-eco-organic,,https://assets.woolworths.com.au/images/1005/254591.jpg?impolicy=wowsmkqiema&w=260&h=260,$12.00,,$12.00 / 100G, Add to cart , Save to list 
Nexba Kombucha Sugar Free Mango 1l,https://www.woolworths.com.au/shop/productdetails/186779/nexba-kombucha-sugar-free-mango,https://www.woolworths.com.au/content/promotiontags/roundel-special-200x200.png,https://assets.woolworths.com.au/images/1005/186779.jpg?impolicy=wowsmkqiema&w=260&h=260,$5.20,$6.20,$5.20 / 1L, Add to cart , Save to list 
Nestle Aero Hot Chocolate 10 Pack,https://www.woolworths.com.au/shop/productdetails/85567/nestle-aero-hot-chocolate,https://www.woolworths.com.au/content/promotiontags/roundel-special-200x200.png,https://assets.woolworths.com.au/images/1005/85567.jpg?impolicy=wowsmkqiema&w=260&h=260,$5.50,$7.00,$0.55 / 1EA, Add to cart , Save to list 
Nescafe Vanilla Malt Latte 98% Sugar Free 10 Pack,https://www.woolworths.com.au/shop/productdetails/222700/nescafe-vanilla-malt-latte-98-sugar-free,https://www.woolworths.com.au/content/promotiontags/roundel-half-price-200x200.png,https://assets.woolworths.com.au/images/1005/222700.jpg?impolicy=wowsmkqiema&w=260&h=260,$3.80,$7.60,$0.38 / 1EA, Add to cart , Save to list 
Jarrah Mint Hot Chocolate 10 Pack,https://www.woolworths.com.au/shop/productdetails/852937/jarrah-mint-hot-chocolate-drinking-chocolate-sachets,,https://assets.woolworths.com.au/images/1005/852937.jpg?impolicy=wowsmkqiema&w=260&h=260,$7.00,,$0.70 / 1EA, Add to cart , Save to list 
Naked Life Mojito Non-alcoholic Cocktail Cans 250ml X4 Pack,https://www.woolworths.com.au/shop/productdetails/222525/naked-life-mojito-non-alcoholic-cocktail-cans,https://www.woolworths.com.au/content/promotiontags/roundel-special-200x200.png,https://assets.woolworths.com.au/images/1005/222525.jpg?impolicy=wowsmkqiema&w=260&h=260,$12.00,$15.00,$12.00 / 1L, Add to cart , Save to list 
Lavazza Ground Coffee Torino Qualita Oro Arabica 1kg,https://www.woolworths.com.au/shop/productdetails/254602/lavazza-ground-coffee-torino-qualita-oro-arabica,https://www.woolworths.com.au/content/promotiontags/roundel-half-price-200x200.png,https://assets.woolworths.com.au/images/1005/254602.jpg?impolicy=wowsmkqiema&w=260&h=260,$19.00,$38.00,$1.90 / 100G, Add to cart , Save to list 
"Eastcoast Jive Kiwi, Peach, Mango & Applie Smoothie 1l",https://www.woolworths.com.au/shop/productdetails/955848/eastcoast-jive-kiwi-peach-mango-applie-smoothie,https://www.woolworths.com.au/content/promotiontags/roundel-special-200x200.png,https://assets.woolworths.com.au/images/1005/955848.jpg?impolicy=wowsmkqiema&w=260&h=260,$4.00,$4.50,$0.40 / 100ML, Add to cart , Save to list 
Woolworths Lemon Lime & Bitters 750ml,https://www.woolworths.com.au/shop/productdetails/829710/woolworths-lemon-lime-bitters,,https://assets.woolworths.com.au/images/1005/829710.jpg?impolicy=wowsmkqiema&w=260&h=260,$3.00,,$4.00 / 1L, Add to cart , Save to list 
Campos Roma Coffee Beans 500g,https://www.woolworths.com.au/shop/productdetails/128386/campos-roma-coffee-beans,,https://assets.woolworths.com.au/images/1005/128386.jpg?impolicy=wowsmkqiema&w=260&h=260,,,,, Save to list 
Delta Chicco D'oro Ground Coffee 200g,https://www.woolworths.com.au/shop/productdetails/35051/delta-chicco-d-oro-ground-coffee,,https://assets.woolworths.com.au/images/1005/35051.jpg?impolicy=wowsmkqiema&w=260&h=260,$4.00,,$2.00 / 100G, Add to cart , Save to list 
Avalanche Vanilla Chai Latte 10 Pack,https://www.woolworths.com.au/shop/productdetails/226902/avalanche-vanilla-chai-latte,,https://assets.woolworths.com.au/images/1005/226902.jpg?impolicy=wowsmkqiema&w=260&h=260,$5.50,,$0.55 / 1EA, Add to cart , Save to list 
Daily Juice Green Blend & Folate 1l,https://www.woolworths.com.au/shop/productdetails/189308/daily-juice-green-blend-folate,,https://assets.woolworths.com.au/images/1005/189308.jpg?impolicy=wowsmkqiema&w=260&h=260,$4.80,,$4.80 / 1L, Add to cart , Save to list 
Grinders Coffee Capsules Double Espresso Caffitaly System 10 Pack,https://www.woolworths.com.au/shop/productdetails/483609/grinders-coffee-capsules-double-espresso-caffitaly-system,https://www.woolworths.com.au/content/promotiontags/roundel-special-200x200.png,https://assets.woolworths.com.au/images/1005/483609.jpg?impolicy=wowsmkqiema&w=260&h=260,$6.40,$8.00,$0.64 / 1EA, Add to cart , Save to list 
Nescafe Iced Coffee Salted Caramel Sachets 8 Pack,https://www.woolworths.com.au/shop/productdetails/178382/nescafe-iced-coffee-salted-caramel-sachets,https://www.woolworths.com.au/content/promotiontags/roundel-half-price-200x200.png,https://assets.woolworths.com.au/images/1005/178382.jpg?impolicy=wowsmkqiema&w=260&h=260,$3.80,$7.60,$0.48 / 1EA, Add to cart , Save to list 
Woolworths Lemon Mixer Cordial 750ml,https://www.woolworths.com.au/shop/productdetails/323213/woolworths-lemon-mixer-cordial,,https://assets.woolworths.com.au/images/1005/323213.jpg?impolicy=wowsmkqiema&w=260&h=260,$3.00,,$4.00 / 1L, Add to cart , Save to list 
"Evian Natural Mineral Water, 12 x 1L Bottles",https://www.woolworths.com.au/shop/productdetails/1073973112/evian-natural-mineral-water-12-x-1l-bottles,,https://assets.woolworths.com.au/images/1005/1073973112.jpg?impolicy=wowsmkqiema&w=260&h=260,$48.00,,, Add to cart , Save to list 
Nescafe 98% Sugar Free Latte Caramel 26 Pack,https://www.woolworths.com.au/shop/productdetails/159246/nescafe-98-sugar-free-latte-caramel,,https://assets.woolworths.com.au/images/1005/159246.jpg?impolicy=wowsmkqiema&w=260&h=260,$11.00,,$0.42 / 1EA, Add to cart , Save to list 
Grinders Coffee Capsules Espresso Caffitaly System 10 Pack,https://www.woolworths.com.au/shop/productdetails/829495/grinders-coffee-capsules-espresso-caffitaly-system,https://www.woolworths.com.au/content/promotiontags/roundel-special-200x200.png,https://assets.woolworths.com.au/images/1005/829495.jpg?impolicy=wowsmkqiema&w=260&h=260,$6.40,$8.00,$0.64 / 1EA, Add to cart , Save to list 
Bickford's 100% Juice Red Grape 1l,https://www.woolworths.com.au/shop/productdetails/229146/bickford-s-100-juice-red-grape,https://www.woolworths.com.au/content/promotiontags/roundel-special-200x200.png,https://assets.woolworths.com.au/images/1005/229146.jpg?impolicy=wowsmkqiema&w=260&h=260,$5.50,$6.50,$5.50 / 1L, Add to cart , Save to list 
L'or Espresso Limited Creation Capsules 10 Pack,https://www.woolworths.com.au/shop/productdetails/157088/l-or-espresso-limited-creation-capsules,,https://assets.woolworths.com.au/images/1005/157088.jpg?impolicy=wowsmkqiema&w=260&h=260,$7.50,,$0.75 / 1EA, Add to cart , Save to list 
Australia's Own Barista Soy Milk 1l,https://www.woolworths.com.au/shop/productdetails/272321/australia-s-own-barista-soy-milk,,https://assets.woolworths.com.au/images/1005/272321.jpg?impolicy=wowsmkqiema&w=260&h=260,$3.50,,$3.50 / 1L, Add to cart , Save to list 
So Good Chocolate Oat Milk 1l,https://www.woolworths.com.au/shop/productdetails/274781/so-good-chocolate-oat-milk,,https://assets.woolworths.com.au/images/1005/274781.jpg?impolicy=wowsmkqiema&w=260&h=260,$3.50,,$3.50 / 1L, Add to cart , Save to list 
Nudie Nothing But Orange Juice Pulp Free 3l,https://www.woolworths.com.au/shop/productdetails/406578/nudie-nothing-but-orange-juice-pulp-free,https://www.woolworths.com.au/content/promotiontags/roundel-special-200x200.png,https://assets.woolworths.com.au/images/1005/406578.jpg?impolicy=wowsmkqiema&w=260&h=260,$10.00,$11.00,$3.33 / 1L, Add to cart , Save to list 
Fanta Orange Soft Drink Bottle 600ml,https://www.woolworths.com.au/shop/productdetails/93182/fanta-orange-soft-drink-bottle,https://www.woolworths.com.au/content/promotiontags/chilled-roundel.png,https://assets.woolworths.com.au/images/1005/93182.jpg?impolicy=wowsmkqiema&w=260&h=260,$4.05,,$6.75 / 1L, Add to cart , Save to list 
Mcguigan Alcohol Free Sparkling 750ml,https://www.woolworths.com.au/shop/productdetails/88122/mcguigan-alcohol-free-sparkling,,https://assets.woolworths.com.au/images/1005/88122.jpg?impolicy=wowsmkqiema&w=260&h=260,$12.50,,$16.67 / 1L, Add to cart , Save to list 
Espressotoria Chicco D'oro Espresso Coffee Capsules 12 Pack,https://www.woolworths.com.au/shop/productdetails/798707/espressotoria-chicco-d-oro-espresso-coffee-capsules,,https://assets.woolworths.com.au/images/1005/798707.jpg?impolicy=wowsmkqiema&w=260&h=260,$4.40,,$0.37 / 1EA, Add to cart , Save to list 
Nescafe Gold Smooth 90g,https://www.woolworths.com.au/shop/productdetails/688715/nescafe-gold-smooth,,https://assets.woolworths.com.au/images/1005/688715.jpg?impolicy=wowsmkqiema&w=260&h=260,$11.50,,$12.78 / 100G, Add to cart , Save to list 
Lavazza A Modo Mio Crema E Gusto Espresso Coffee Capsules 16 Pack,https://www.woolworths.com.au/shop/productdetails/95166/lavazza-a-modo-mio-crema-e-gusto-espresso-coffee-capsules,https://www.woolworths.com.au/content/promotiontags/final_only_at_woolworths_roundel_200x200.png,https://assets.woolworths.com.au/images/1005/95166.jpg?impolicy=wowsmkqiema&w=260&h=260,$12.50,,$0.78 / 1EA, Add to cart , Save to list 
Mood Peppermint & Passionflower Tea 10 Pack,https://www.woolworths.com.au/shop/productdetails/225951/mood-peppermint-passionflower-tea,,https://assets.woolworths.com.au/images/1005/225951.jpg?impolicy=wowsmkqiema&w=260&h=260,$7.00,,$0.70 / 1EA, Add to cart , Save to list 
Natureo De-alcoholized Garnacha Syrah 750ml,https://www.woolworths.com.au/shop/productdetails/697736/natureo-de-alcoholized-garnacha-syrah-garnacha-syrah,,https://assets.woolworths.com.au/images/1005/697736.jpg?impolicy=wowsmkqiema&w=260&h=260,$15.00,,$20.00 / 1L, Add to cart , Save to list 
Plus & Minus Zero Alcohol Rose 750ml,https://www.woolworths.com.au/shop/productdetails/222754/plus-minus-zero-alcohol-rose,,https://assets.woolworths.com.au/images/1005/222754.jpg?impolicy=wowsmkqiema&w=260&h=260,$14.00,,$18.67 / 1L, Add to cart , Save to list 
Avalanche Matcha Bubble Tea 5 Pack,https://www.woolworths.com.au/shop/productdetails/155626/avalanche-matcha-bubble-tea,,https://assets.woolworths.com.au/images/1005/155626.jpg?impolicy=wowsmkqiema&w=260&h=260,$8.00,,$1.60 / 1EA, Add to cart , Save to list 
Buderim No Sugar Ginger Lemon Lime & Bitters Cordial 750ml,https://www.woolworths.com.au/shop/productdetails/227404/buderim-no-sugar-ginger-lemon-lime-bitters-cordial,,https://assets.woolworths.com.au/images/1005/227404.jpg?impolicy=wowsmkqiema&w=260&h=260,$4.50,,$6.00 / 1L, Add to cart , Save to list 
Hardys Zero Sparkling Alcohol Free Chardonnay 750ml,https://www.woolworths.com.au/shop/productdetails/222739/hardys-zero-sparkling-alcohol-free-chardonnay,,https://assets.woolworths.com.au/images/1005/222739.jpg?impolicy=wowsmkqiema&w=260&h=260,$13.00,,$17.33 / 1L, Add to cart , Save to list 
Fever-tree Premium Dry Ginger Ale  Bottles 200ml X 4 Pack,https://www.woolworths.com.au/shop/productdetails/352013/fever-tree-premium-dry-ginger-ale-bottles,https://www.woolworths.com.au/content/promotiontags/roundel-special-200x200.png,https://assets.woolworths.com.au/images/1005/352013.jpg?impolicy=wowsmkqiema&w=260&h=260,$7.00,$8.00,$8.75 / 1L, Add to cart , Save to list 
Lavazza Qualita Rossa Ground Coffee 1kg,https://www.woolworths.com.au/shop/productdetails/95028/lavazza-qualita-rossa-ground-coffee,,https://assets.woolworths.com.au/images/1005/95028.jpg?impolicy=wowsmkqiema&w=260&h=260,$28.00,,$2.80 / 100G, Add to cart , Save to list 
Nescafe 98% Sugar Free Mocha 26 Pack,https://www.woolworths.com.au/shop/productdetails/159506/nescafe-98-sugar-free-mocha,https://www.woolworths.com.au/content/promotiontags/final_only_at_woolworths_roundel_200x200.png,https://assets.woolworths.com.au/images/1005/159506.jpg?impolicy=wowsmkqiema&w=260&h=260,$11.00,,$0.42 / 1EA, Add to cart , Save to list 
Golden Circle Apple Juice 50% Less Sugar Fruit Juices 2l,https://www.woolworths.com.au/shop/productdetails/103682/golden-circle-apple-juice-50-less-sugar-fruit-juices,,https://assets.woolworths.com.au/images/1005/103682.jpg?impolicy=wowsmkqiema&w=260&h=260,$5.10,,$2.55 / 1L, Add to cart , Save to list 
Boost Berry Happy 350ml,https://www.woolworths.com.au/shop/productdetails/808083/boost-berry-happy,,https://assets.woolworths.com.au/images/1005/808083.jpg?impolicy=wowsmkqiema&w=260&h=260,$4.00,,$11.43 / 1L, Add to cart , Save to list 
Belvoir Farm Elderflower Cordial 500ml,https://www.woolworths.com.au/shop/productdetails/678576/belvoir-farm-elderflower-cordial,,https://assets.woolworths.com.au/images/1005/678576.jpg?impolicy=wowsmkqiema&w=260&h=260,,,,, Save to list 
Juicy Isle Organic Orange Juice 1.5l,https://www.woolworths.com.au/shop/productdetails/106546/juicy-isle-organic-orange-juice,,https://assets.woolworths.com.au/images/1005/106546.jpg?impolicy=wowsmkqiema&w=260&h=260,$5.50,,$3.67 / 1L, Add to cart , Save to list 
"Evian Natural Mineral Water, 20 x 330ml Glass Bottles",https://www.woolworths.com.au/shop/productdetails/1073973114/evian-natural-mineral-water-20-x-330ml-glass-bottles,https://www.woolworths.com.au/content/promotiontags/everyday-market-free-shipping-v2.svg,https://assets.woolworths.com.au/images/1005/1073973114.jpg?impolicy=wowsmkqiema&w=260&h=260,$58.00,,, Add to cart , Save to list 
StrangeLove Sparkling Australian Mineral Water 330ml Cans - 6x4 Pack,https://www.woolworths.com.au/shop/productdetails/1073863265/strangelove-sparkling-australian-mineral-water-330ml-cans-6x4-pack,https://www.woolworths.com.au/content/promotiontags/everyday-market-free-shipping-v2.svg,https://assets.woolworths.com.au/images/1005/1073863265.jpg?impolicy=wowsmkqiema&w=260&h=260,$50.00,,$6.31 / 1L, Add to cart , Save to list 
Good Cocktail Co Margarita Cocktail Mixer 750ml,https://www.woolworths.com.au/shop/productdetails/65691/good-cocktail-co-margarita-cocktail-mixer,,https://assets.woolworths.com.au/images/1005/65691.jpg?impolicy=wowsmkqiema&w=260&h=260,$10.00,,$13.33 / 1L, Add to cart , Save to list 
Grinders Rich Espresso Beans Rainforest Alliance Certified 1kg,https://www.woolworths.com.au/shop/productdetails/161742/grinders-rich-espresso-beans-rainforest-alliance-certified,https://www.woolworths.com.au/content/promotiontags/roundel-special-200x200.png,https://assets.woolworths.com.au/images/1005/161742.jpg?impolicy=wowsmkqiema&w=260&h=260,$24.50,$35.00,$2.45 / 100G, Add to cart , Save to list 
Bushells Coffee Essence Sweet Chicory 250ml,https://www.woolworths.com.au/shop/productdetails/33839/bushells-coffee-essence-sweet-chicory,,https://assets.woolworths.com.au/images/1005/33839.jpg?impolicy=wowsmkqiema&w=260&h=260,$6.00,,$2.40 / 100ML, Add to cart , Save to list 
So Good Almond Vanilla Milk 1l,https://www.woolworths.com.au/shop/productdetails/781141/so-good-almond-vanilla-milk,,https://assets.woolworths.com.au/images/1005/781141.jpg?impolicy=wowsmkqiema&w=260&h=260,$3.20,,$3.20 / 1L, Add to cart , Save to list 
Good Cocktail Co Mojito Cocktail Mixer 750ml,https://www.woolworths.com.au/shop/productdetails/65689/good-cocktail-co-mojito-cocktail-mixer,,https://assets.woolworths.com.au/images/1005/65689.jpg?impolicy=wowsmkqiema&w=260&h=260,$10.00,,$13.33 / 1L, Add to cart , Save to list 
Eastcoast Mini Orange Juice 200ml,https://www.woolworths.com.au/shop/productdetails/273290/eastcoast-mini-orange-juice,,https://assets.woolworths.com.au/images/1005/273290.jpg?impolicy=wowsmkqiema&w=260&h=260,$2.00,,$10.00 / 1L, Add to cart , Save to list 
Lavazza Espresso Intenso Nespresso Compatible Coffee Capsules 30 Pack,https://www.woolworths.com.au/shop/productdetails/222912/lavazza-espresso-intenso-nespresso-compatible-coffee-capsules,,https://assets.woolworths.com.au/images/1005/222912.jpg?impolicy=wowsmkqiema&w=260&h=260,$17.00,,$0.57 / 1EA, Add to cart , Save to list 
Lo Bros Kombucha Soda Lemon Lime & Bitters Box 250ml 4pack X 6,https://www.woolworths.com.au/shop/productdetails/1073890974/lo-bros-kombucha-soda-lemon-lime-bitters-box-250ml-4pack-x-6,https://www.woolworths.com.au/content/promotiontags/everyday-market-free-shipping-v2.svg,https://assets.woolworths.com.au/images/1005/1073890974.jpg?impolicy=wowsmkqiema&w=260&h=260,$52.50,,$0.88 / 100ML, Add to cart , Save to list 
"Original Juice Veggie Goodness - Purple Carrot, Beetroot, Pumpkin 1l",https://www.woolworths.com.au/shop/productdetails/266710/original-juice-veggie-goodness-purple-carrot-beetroot-pumpkin,,https://assets.woolworths.com.au/images/1005/266710.jpg?impolicy=wowsmkqiema&w=260&h=260,$6.00,,$6.00 / 1L, Add to cart , Save to list 
Mcguigan Zero Alcohol Free Red Blend 750ml,https://www.woolworths.com.au/shop/productdetails/186780/mcguigan-zero-alcohol-free-red-blend,,https://assets.woolworths.com.au/images/1005/186780.jpg?impolicy=wowsmkqiema&w=260&h=260,$12.50,,$16.67 / 1L, Add to cart , Save to list 
Vessel Sparkling Spring Water 750ml,https://www.woolworths.com.au/shop/productdetails/230412/vessel-sparkling-spring-water,,https://assets.woolworths.com.au/images/1005/230412.jpg?impolicy=wowsmkqiema&w=260&h=260,$4.95,,$6.60 / 1L, Add to cart , Save to list 
Montague Sparkling Apple Juice 300ml X4 Pack,https://www.woolworths.com.au/shop/productdetails/405925/montague-sparkling-apple-juice,,https://assets.woolworths.com.au/images/1005/405925.jpg?impolicy=wowsmkqiema&w=260&h=260,,,,, Save to list 
Naked Life Non Alcoholic Scottish Sour 250ml X4 Pack,https://www.woolworths.com.au/shop/productdetails/179141/naked-life-non-alcoholic-scottish-sour,https://www.woolworths.com.au/content/promotiontags/roundel-special-200x200.png,https://assets.woolworths.com.au/images/1005/179141.jpg?impolicy=wowsmkqiema&w=260&h=260,$12.00,$15.00,$12.00 / 1L, Add to cart , Save to list 
Chatime Lychee Iced Bubble Tea 4 Pack,https://www.woolworths.com.au/shop/productdetails/227558/chatime-lychee-iced-bubble-tea,,https://assets.woolworths.com.au/images/1005/227558.jpg?impolicy=wowsmkqiema&w=260&h=260,$10.00,,$2.50 / 1EA, Add to cart , Save to list 
"Golden Circle Pear, Apple & Raspberry Juice No Added Sugar Fruit Juices 2l",https://www.woolworths.com.au/shop/productdetails/787176/golden-circle-pear-apple-raspberry-juice-no-added-sugar-fruit-juices,,https://assets.woolworths.com.au/images/1005/787176.jpg?impolicy=wowsmkqiema&w=260&h=260,$4.80,,$2.40 / 1L, Add to cart , Save to list 
Avalanche 99% Sugar Free Latte 10 Pack,https://www.woolworths.com.au/shop/productdetails/223005/avalanche-99-sugar-free-latte,,https://assets.woolworths.com.au/images/1005/223005.jpg?impolicy=wowsmkqiema&w=260&h=260,$5.50,,$0.55 / 1EA, Add to cart , Save to list 
Woolworths Breakfast Juice 2l,https://www.woolworths.com.au/shop/productdetails/804349/woolworths-breakfast-juice,,https://assets.woolworths.com.au/images/1005/804349.jpg?impolicy=wowsmkqiema&w=260&h=260,$4.90,,$2.45 / 1L, Add to cart , Save to list 
Nescafe Farmers Origins Capsules Africas 10 Pack,https://www.woolworths.com.au/shop/productdetails/151200/nescafe-farmers-origins-capsules-africas,,https://assets.woolworths.com.au/images/1005/151200.jpg?impolicy=wowsmkqiema&w=260&h=260,$7.00,,$0.70 / 1EA, Add to cart , Save to list 
Eastcoast Country Style Lemonade 2l,https://www.woolworths.com.au/shop/productdetails/938254/eastcoast-country-style-lemonade,https://www.woolworths.com.au/content/promotiontags/roundel-special-200x200.png,https://assets.woolworths.com.au/images/1005/938254.jpg?impolicy=wowsmkqiema&w=260&h=260,$5.40,$6.00,$2.70 / 1L, Add to cart , Save to list 
Chatime Choc Milk Bubble Tea 4 Pack,https://www.woolworths.com.au/shop/productdetails/227274/chatime-choc-milk-bubble-tea,,https://assets.woolworths.com.au/images/1005/227274.jpg?impolicy=wowsmkqiema&w=260&h=260,$10.00,,$2.50 / 1EA, Add to cart , Save to list 
Level Lemonade 300ml X 4 Pack,https://www.woolworths.com.au/shop/productdetails/230165/level-lemonade,,https://assets.woolworths.com.au/images/1005/230165.jpg?impolicy=wowsmkqiema&w=260&h=260,$12.00,,$10.00 / 1L, Add to cart , Save to list 
Avalanche 99% Sugar Free Caramel Latte 10 Pack,https://www.woolworths.com.au/shop/productdetails/700136/avalanche-99-sugar-free-caramel-latte,,https://assets.woolworths.com.au/images/1005/700136.jpg?impolicy=wowsmkqiema&w=260&h=260,$5.50,,$0.55 / 1EA, Add to cart , Save to list 
"Vittoria Coffee Beans Crafted For Almond, Oat & Soy Milk 500g",https://www.woolworths.com.au/shop/productdetails/222916/vittoria-coffee-beans-crafted-for-almond-oat-soy-milk,,https://assets.woolworths.com.au/images/1005/222916.jpg?impolicy=wowsmkqiema&w=260&h=260,$21.00,,$4.20 / 100G, Add to cart , Save to list 
Naked Life Dry Ginger Sugar Free Mixer Premium Soda Cans 250ml X4 Pack,https://www.woolworths.com.au/shop/productdetails/221471/naked-life-dry-ginger-sugar-free-mixer-premium-soda-cans,https://www.woolworths.com.au/content/promotiontags/roundel-special-200x200.png,https://assets.woolworths.com.au/images/1005/221471.jpg?impolicy=wowsmkqiema&w=260&h=260,$5.60,$8.00,$5.60 / 1L, Add to cart , Save to list 
No Ugly No Ugly Juice Sleep 250ml,https://www.woolworths.com.au/shop/productdetails/148882/no-ugly-juice-sleep,,https://assets.woolworths.com.au/images/1005/148882.jpg?impolicy=wowsmkqiema&w=260&h=260,$4.50,,$1.80 / 100ML, Add to cart , Save to list 
Nestle Milkybar Hot Choc 10 Pack,https://www.woolworths.com.au/shop/productdetails/85566/nestle-milkybar-hot-choc,https://www.woolworths.com.au/content/promotiontags/roundel-special-200x200.png,https://assets.woolworths.com.au/images/1005/85566.jpg?impolicy=wowsmkqiema&w=260&h=260,$5.50,$7.00,$0.55 / 1EA, Add to cart , Save to list 
Nescafe Blend 43 Espresso Soluble Instant Coffee 300g,https://www.woolworths.com.au/shop/productdetails/212138/nescafe-blend-43-espresso-soluble-instant-coffee,https://www.woolworths.com.au/content/promotiontags/roundel-special-200x200.png,https://assets.woolworths.com.au/images/1005/212138.jpg?impolicy=wowsmkqiema&w=260&h=260,$12.00,$17.40,$4.00 / 100G, Add to cart , Save to list 
Golden Circle Multivitamin Juice Multi Vitamin Fruit Juices 2l,https://www.woolworths.com.au/shop/productdetails/51656/golden-circle-multivitamin-juice-multi-vitamin-fruit-juices,,https://assets.woolworths.com.au/images/1005/51656.jpg?impolicy=wowsmkqiema&w=260&h=260,$4.80,,$2.40 / 1L, Add to cart , Save to list 
StrangeLove Infused Sparkling Water 4 Mixed Flavours 330ml Cans - 4x4 Pack,https://www.woolworths.com.au/shop/productdetails/1073863283/strangelove-infused-sparkling-water-4-mixed-flavours-330ml-cans-4x4-pack,,https://assets.woolworths.com.au/images/1005/1073863283.jpg?impolicy=wowsmkqiema&w=260&h=260,$40.00,,$7.58 / 1L, Add to cart , Save to list 
No Ugly Gut Cranberry Wellness Tonic 250ml,https://www.woolworths.com.au/shop/productdetails/202653/no-ugly-gut-cranberry-wellness-tonic,,https://assets.woolworths.com.au/images/1005/202653.jpg?impolicy=wowsmkqiema&w=260&h=260,$4.50,,$1.80 / 100ML, Add to cart , Save to list 
Bean Ground & Drunk Ground Coffee Organic Fairtrade Decaff 250g,https://www.woolworths.com.au/shop/productdetails/313811/bean-ground-drunk-ground-coffee-organic-fairtrade-decaff,https://www.woolworths.com.au/content/promotiontags/roundel-special-200x200.png,https://assets.woolworths.com.au/images/1005/313811.jpg?impolicy=wowsmkqiema&w=260&h=260,$7.50,$9.50,$3.00 / 100G, Add to cart , Save to list 
Lo Bros Kombucha Orange & Mango 750ml,https://www.woolworths.com.au/shop/productdetails/216874/lo-bros-kombucha-orange-mango,https://www.woolworths.com.au/content/promotiontags/roundel-special-200x200.png,https://assets.woolworths.com.au/images/1005/216874.jpg?impolicy=wowsmkqiema&w=260&h=260,$5.00,$7.50,$6.67 / 1L, Add to cart , Save to list 
Famous Soda Co Zero Sugar Tangerine 330ml,https://www.woolworths.com.au/shop/productdetails/271777/famous-soda-co-zero-sugar-tangerine,,https://assets.woolworths.com.au/images/1005/271777.jpg?impolicy=wowsmkqiema&w=260&h=260,$4.00,,$12.12 / 1L, Add to cart , Save to list 
Nudie Nothing But Aloha 400ml,https://www.woolworths.com.au/shop/productdetails/267211/nudie-nothing-but-aloha,https://www.woolworths.com.au/content/promotiontags/roundel-special-200x200.png,https://assets.woolworths.com.au/images/1005/267211.jpg?impolicy=wowsmkqiema&w=260&h=260,$3.50,$3.90,$8.75 / 1L, Add to cart , Save to list 
Avalanche 99% Sugar Free Hazelnut Latte 10 Pack,https://www.woolworths.com.au/shop/productdetails/223874/avalanche-99-sugar-free-hazelnut-latte,,https://assets.woolworths.com.au/images/1005/223874.jpg?impolicy=wowsmkqiema&w=260&h=260,$5.50,,$0.55 / 1EA, Add to cart , Save to list 
Chatime Mango Iced Bubble Tea With Popping Pearls 4 Pack,https://www.woolworths.com.au/shop/productdetails/182239/chatime-mango-iced-bubble-tea-with-popping-pearls,,https://assets.woolworths.com.au/images/1005/182239.jpg?impolicy=wowsmkqiema&w=260&h=260,$10.00,,$2.50 / 1EA, Add to cart , Save to list 
Coca-cola Vanilla Soft Drink Bottle 600ml,https://www.woolworths.com.au/shop/productdetails/180910/coca-cola-vanilla-soft-drink-bottle,https://www.woolworths.com.au/content/promotiontags/chilled-roundel.png,https://assets.woolworths.com.au/images/1005/180910.jpg?impolicy=wowsmkqiema&w=260&h=260,$4.05,,$6.75 / 1L, Add to cart , Save to list 
Daily Juice Green Mix 2l,https://www.woolworths.com.au/shop/productdetails/271242/daily-juice-green-mix,,https://assets.woolworths.com.au/images/1005/271242.jpg?impolicy=wowsmkqiema&w=260&h=260,$5.00,,$2.50 / 1L, Add to cart , Save to list 
Caffe Aurora Ground Coffee Italian Blend 1kg,https://www.woolworths.com.au/shop/productdetails/158982/caffe-aurora-ground-coffee-italian-blend,,https://assets.woolworths.com.au/images/1005/158982.jpg?impolicy=wowsmkqiema&w=260&h=260,$19.00,,$1.90 / 100G, Add to cart , Save to list 
"Bundaberg Lemon,lime & Bitters 10x375ml",https://www.woolworths.com.au/shop/productdetails/886847/bundaberg-lemon-lime-bitters,,https://assets.woolworths.com.au/images/1005/886847.jpg?impolicy=wowsmkqiema&w=260&h=260,,,,, Save to list 
Naked Life Sparkling Nootropics Glow Dragonfruit & Lychee Cans 250ml X4 Pack,https://www.woolworths.com.au/shop/productdetails/222658/naked-life-sparkling-nootropics-glow-dragonfruit-lychee-cans,,https://assets.woolworths.com.au/images/1005/222658.jpg?impolicy=wowsmkqiema&w=260&h=260,$10.00,,$10.00 / 1L, Add to cart , Save to list 
Espressotoria Coffee Capsules Caffe Aurora Espresso 12 Pack,https://www.woolworths.com.au/shop/productdetails/798714/espressotoria-coffee-capsules-caffe-aurora-espresso,,https://assets.woolworths.com.au/images/1005/798714.jpg?impolicy=wowsmkqiema&w=260&h=260,$5.00,,$0.42 / 1EA, Add to cart , Save to list 
Nescafe Farmers Origins Capsules India 10 Pack,https://www.woolworths.com.au/shop/productdetails/151201/nescafe-farmers-origins-capsules-india,,https://assets.woolworths.com.au/images/1005/151201.jpg?impolicy=wowsmkqiema&w=260&h=260,$7.00,,$0.70 / 1EA, Add to cart , Save to list 
Chatime Passionfruit Iced Bubble Tea 4 Pack,https://www.woolworths.com.au/shop/productdetails/227824/chatime-passionfruit-iced-bubble-tea,,https://assets.woolworths.com.au/images/1005/227824.jpg?impolicy=wowsmkqiema&w=260&h=260,$10.00,,$2.50 / 1EA, Add to cart , Save to list 
Artisan Drinks Australia - Pink Citrus Tonic 200ml × 24 Packs,https://www.woolworths.com.au/shop/productdetails/1073932837/artisan-drinks-australia-pink-citrus-tonic-200ml-24-packs,https://www.woolworths.com.au/content/promotiontags/roundel-special-200x200.png,https://assets.woolworths.com.au/images/1005/1073932837.jpg?impolicy=wowsmkqiema&w=260&h=260,$50.00,$59.95,$1.04 / 100ML, Add to cart , Save to list 
Artisan Drinks Australia - Skinny London Tonic 200ml × 24 Packs,https://www.woolworths.com.au/shop/productdetails/1073932780/artisan-drinks-australia-skinny-london-tonic-200ml-24-packs,https://www.woolworths.com.au/content/promotiontags/roundel-special-200x200.png,https://assets.woolworths.com.au/images/1005/1073932780.jpg?impolicy=wowsmkqiema&w=260&h=260,$50.00,$59.95,$1.04 / 100ML, Add to cart , Save to list 
Remedy Organic Kombucha Orange Squeeze 250ml,https://www.woolworths.com.au/shop/productdetails/247886/remedy-organic-kombucha-orange-squeeze,,https://assets.woolworths.com.au/images/1005/247886.jpg?impolicy=wowsmkqiema&w=260&h=260,$2.75,,$11.00 / 1L, Add to cart , Save to list 
Arkadia Chai Tea 99% Sugar Free Sachets 10 Pack,https://www.woolworths.com.au/shop/productdetails/225727/arkadia-chai-tea-99-sugar-free-sachets,https://www.woolworths.com.au/content/promotiontags/roundel-special-200x200.png,https://assets.woolworths.com.au/images/1005/225727.jpg?impolicy=wowsmkqiema&w=260&h=260,$5.40,$6.75,$0.54 / 1EA, Add to cart , Save to list 
Arkadia 99% Sugar Free Calming Chai Sachets 7 Pack,https://www.woolworths.com.au/shop/productdetails/226888/arkadia-99-sugar-free-calming-chai-sachets,,https://assets.woolworths.com.au/images/1005/226888.jpg?impolicy=wowsmkqiema&w=260&h=260,$9.00,,$1.29 / 1EA, Add to cart , Save to list 
StrangeLove Double Ginger Beer Lo-Cal Soda 300ml Bottles - 6x4 Pack,https://www.woolworths.com.au/shop/productdetails/1073863260/strangelove-double-ginger-beer-lo-cal-soda-300ml-bottles-6x4-pack,https://www.woolworths.com.au/content/promotiontags/everyday-market-free-shipping-v2.svg,https://assets.woolworths.com.au/images/1005/1073863260.jpg?impolicy=wowsmkqiema&w=260&h=260,$78.00,,$10.83 / 1L, Add to cart , Save to list 
Caffe Aurora Ground Coffee Italian Blend 500g,https://www.woolworths.com.au/shop/productdetails/159898/caffe-aurora-ground-coffee-italian-blend,,https://assets.woolworths.com.au/images/1005/159898.jpg?impolicy=wowsmkqiema&w=260&h=260,$11.00,,$2.20 / 100G, Add to cart , Save to list 
Queen Garnet Fruit Nectar Plum 250ml,https://www.woolworths.com.au/shop/productdetails/419357/queen-garnet-fruit-nectar-plum,,https://assets.woolworths.com.au/images/1005/419357.jpg?impolicy=wowsmkqiema&w=260&h=260,$5.00,,$20.00 / 1L, Add to cart , Save to list 
Moccona Oat Latte Coffee Sachets 8 Pack,https://www.woolworths.com.au/shop/productdetails/181977/moccona-oat-latte-coffee-sachets,https://www.woolworths.com.au/content/promotiontags/roundel-special-200x200.png,https://assets.woolworths.com.au/images/1005/181977.jpg?impolicy=wowsmkqiema&w=260&h=260,$3.50,$6.00,$0.44 / 1EA, Add to cart , Save to list 
Fanta Raspberry No Sugar 600ml,https://www.woolworths.com.au/shop/productdetails/243795/fanta-raspberry-no-sugar,,https://assets.woolworths.com.au/images/1005/243795.jpg?impolicy=wowsmkqiema&w=260&h=260,$4.05,,$6.75 / 1L, Add to cart , Save to list 
Nescafe Gold Choc Mocha Inspired By Nestle Milkybar 8 Pack,https://www.woolworths.com.au/shop/productdetails/224342/nescafe-gold-choc-mocha-inspired-by-nestle-milkybar,https://www.woolworths.com.au/content/promotiontags/roundel-half-price-200x200.png,https://assets.woolworths.com.au/images/1005/224342.jpg?impolicy=wowsmkqiema&w=260&h=260,$3.80,$7.60,$0.48 / 1EA, Add to cart , Save to list 
Moccona Dark & Intense Dried Coffee 200g,https://www.woolworths.com.au/shop/productdetails/92393/moccona-dark-intense-dried-coffee,,https://assets.woolworths.com.au/images/1005/92393.jpg?impolicy=wowsmkqiema&w=260&h=260,$17.00,,$8.50 / 100G, Add to cart , Save to list 
Remedy Sodaly Guava 330ml,https://www.woolworths.com.au/shop/productdetails/270656/remedy-sodaly-guava,,https://assets.woolworths.com.au/images/1005/270656.jpg?impolicy=wowsmkqiema&w=260&h=260,$4.00,,$12.12 / 1L, Add to cart , Save to list 
Remedy Sodaly Raspberry 330ml,https://www.woolworths.com.au/shop/productdetails/270303/remedy-sodaly-raspberry,,https://assets.woolworths.com.au/images/1005/270303.jpg?impolicy=wowsmkqiema&w=260&h=260,$4.00,,$12.12 / 1L, Add to cart , Save to list 
Campos Decaf Coffee Beans 500g,https://www.woolworths.com.au/shop/productdetails/223402/campos-decaf-coffee-beans,,https://assets.woolworths.com.au/images/1005/223402.jpg?impolicy=wowsmkqiema&w=260&h=260,$29.50,,$5.90 / 100G, Add to cart , Save to list 
Nescafe Farmers Origins Capsules 3 Americas 10 Pack,https://www.woolworths.com.au/shop/productdetails/149330/nescafe-farmers-origins-capsules-3-americas,,https://assets.woolworths.com.au/images/1005/149330.jpg?impolicy=wowsmkqiema&w=260&h=260,$7.00,,$0.70 / 1EA, Add to cart , Save to list 
Sacred Grounds Single Origin Peru Coffee Beans 500g,https://www.woolworths.com.au/shop/productdetails/129713/sacred-grounds-single-origin-peru-coffee-beans,https://www.woolworths.com.au/content/promotiontags/roundel-special-200x200.png,https://assets.woolworths.com.au/images/1005/129713.jpg?impolicy=wowsmkqiema&w=260&h=260,$15.00,$20.00,$3.00 / 100G, Add to cart , Save to list 
Seedlip Non Alcoholic Grove 42 With Distilled Citrus Botanicals 700ml,https://www.woolworths.com.au/shop/productdetails/229396/seedlip-non-alcoholic-grove-42-with-distilled-citrus-botanicals,,https://assets.woolworths.com.au/images/1005/229396.jpg?impolicy=wowsmkqiema&w=260&h=260,$50.00,,$71.43 / 1L, Add to cart , Save to list 
"Eastcoast Jive Kiwi, Peach, Mango & Applie Smoothie 300ml",https://www.woolworths.com.au/shop/productdetails/955850/eastcoast-jive-kiwi-peach-mango-applie-smoothie,https://www.woolworths.com.au/content/promotiontags/roundel-special-200x200.png,https://assets.woolworths.com.au/images/1005/955850.jpg?impolicy=wowsmkqiema&w=260&h=260,$2.50,$2.90,$0.83 / 100ML, Add to cart , Save to list 
Daily Juice Green Blend With Plant Protein 300ml,https://www.woolworths.com.au/shop/productdetails/271203/daily-juice-green-blend-with-plant-protein,,https://assets.woolworths.com.au/images/1005/271203.jpg?impolicy=wowsmkqiema&w=260&h=260,$2.90,,$9.67 / 1L, Add to cart , Save to list 
Campos Colombia Coffee Beans 500g,https://www.woolworths.com.au/shop/productdetails/129065/campos-colombia-coffee-beans,https://www.woolworths.com.au/content/promotiontags/final_only_at_woolworths_roundel_200x200.png,https://assets.woolworths.com.au/images/1005/129065.jpg?impolicy=wowsmkqiema&w=260&h=260,$29.50,,$5.90 / 100G, Add to cart , Save to list 
Lo Bros Fruit Crush 330ml,https://www.woolworths.com.au/shop/productdetails/239439/lo-bros-fruit-crush,,https://assets.woolworths.com.au/images/1005/239439.jpg?impolicy=wowsmkqiema&w=260&h=260,,,,, Save to list 
Arkadia Handcrafted Sticky Chai Loose Leaf Tea 105g,https://www.woolworths.com.au/shop/productdetails/157293/arkadia-handcrafted-sticky-chai-loose-leaf-tea,https://www.woolworths.com.au/content/promotiontags/roundel-special-200x200.png,https://assets.woolworths.com.au/images/1005/157293.jpg?impolicy=wowsmkqiema&w=260&h=260,$7.00,$10.00,$6.67 / 100G, Add to cart , Save to list 
Heineken Alcohol Free Cans 330ml X6 Pack,https://www.woolworths.com.au/shop/productdetails/164658/heineken-alcohol-free-cans,https://www.woolworths.com.au/content/promotiontags/roundel-special-200x200.png,https://assets.woolworths.com.au/images/1005/164658.jpg?impolicy=wowsmkqiema&w=260&h=260,$12.00,$15.00,$6.06 / 1L, Add to cart , Save to list 
Chatime Peach Iced Bubble Tea With Popping Pearls 4 Pack,https://www.woolworths.com.au/shop/productdetails/183137/chatime-peach-iced-bubble-tea-with-popping-pearls,,https://assets.woolworths.com.au/images/1005/183137.jpg?impolicy=wowsmkqiema&w=260&h=260,$10.00,,$2.50 / 1EA, Add to cart , Save to list 
Remedy Sodaly Passionfruit 330ml,https://www.woolworths.com.au/shop/productdetails/270324/remedy-sodaly-passionfruit,,https://assets.woolworths.com.au/images/1005/270324.jpg?impolicy=wowsmkqiema&w=260&h=260,$4.00,,$12.12 / 1L, Add to cart , Save to list 
Grinders Crema Ground Rainforest Alliance Certified 200g,https://www.woolworths.com.au/shop/productdetails/733484/grinders-crema-ground-rainforest-alliance-certified,https://www.woolworths.com.au/content/promotiontags/roundel-special-200x200.png,https://assets.woolworths.com.au/images/1005/733484.jpg?impolicy=wowsmkqiema&w=260&h=260,$7.70,$11.00,$3.85 / 100G, Add to cart , Save to list 
Kopparberg Non Alcoholic Apple Cider 330ml X4 Pack,https://www.woolworths.com.au/shop/productdetails/73624/kopparberg-non-alcoholic-apple-cider,https://www.woolworths.com.au/content/promotiontags/roundel-special-200x200.png,https://assets.woolworths.com.au/images/1005/73624.jpg?impolicy=wowsmkqiema&w=260&h=260,$6.50,$7.50,$4.92 / 1L, Add to cart , Save to list 
Nort Refreshing Ale Bottles 330ml X6 Pack,https://www.woolworths.com.au/shop/productdetails/997711/modus-operandi-nort-refreshing-ale-bottles,,https://assets.woolworths.com.au/images/1005/997711.jpg?impolicy=wowsmkqiema&w=260&h=260,$16.00,,$8.08 / 1L, Add to cart , Save to list 
Moccona Freeze Dried Instant Coffee Classic Dark Roast 100g,https://www.woolworths.com.au/shop/productdetails/248497/moccona-freeze-dried-instant-coffee-classic-dark-roast,https://www.woolworths.com.au/content/promotiontags/roundel-special-200x200.png,https://assets.woolworths.com.au/images/1005/248497.jpg?impolicy=wowsmkqiema&w=260&h=260,$8.05,$11.50,$8.05 / 100G, Add to cart , Save to list 
Nexba Passionfruit Focus Naturally Sugar Free Nootropic 330ml X4 Pack,https://www.woolworths.com.au/shop/productdetails/187414/nexba-passionfruit-focus-naturally-sugar-free-nootropic,https://www.woolworths.com.au/content/promotiontags/roundel-special-200x200.png,https://assets.woolworths.com.au/images/1005/187414.jpg?impolicy=wowsmkqiema&w=260&h=260,$8.55,$9.50,$6.48 / 1L, Add to cart , Save to list 
Naked Life Non Alcoholic Canadian Rye Spirit Dry & Lime 250ml X4 Pack,https://www.woolworths.com.au/shop/productdetails/179181/naked-life-non-alcoholic-canadian-rye-spirit-dry-lime,https://www.woolworths.com.au/content/promotiontags/roundel-special-200x200.png,https://assets.woolworths.com.au/images/1005/179181.jpg?impolicy=wowsmkqiema&w=260&h=260,$12.00,$15.00,$12.00 / 1L, Add to cart , Save to list 
Edenvale Pinot Gris 750ml,https://www.woolworths.com.au/shop/productdetails/139755/edenvale-pinot-gris,https://www.woolworths.com.au/content/promotiontags/roundel-special-200x200.png,https://assets.woolworths.com.au/images/1005/139755.jpg?impolicy=wowsmkqiema&w=260&h=260,$8.40,$10.50,$11.20 / 1L, Add to cart , Save to list 
Plus & Minus Zero Alcohol Prosecco 750ml,https://www.woolworths.com.au/shop/productdetails/222676/plus-minus-zero-alcohol-prosecco,,https://assets.woolworths.com.au/images/1005/222676.jpg?impolicy=wowsmkqiema&w=260&h=260,$14.00,,$18.67 / 1L, Add to cart , Save to list 
Fitch & Leedes Blushing Mimosa 300ml X 4 Pack,https://www.woolworths.com.au/shop/productdetails/991960/fitch-leedes-blushing-mimosa,,https://assets.woolworths.com.au/images/1005/991960.jpg?impolicy=wowsmkqiema&w=260&h=260,$13.00,,, Add to cart , Save to list 
Famous Soda Co Passionfruit Soda 12 Pack x 330 ml Bottle,https://www.woolworths.com.au/shop/productdetails/1073902977/famous-soda-co-passionfruit-soda-12-pack-x-330-ml-bottle,,https://assets.woolworths.com.au/images/1005/1073902977.jpg?impolicy=wowsmkqiema&w=260&h=260,$46.99,,$11.87 / 1L, Add to cart , Save to list 
"Ferrarelle Naturally Sparkling Mineral Water, 750ml x 12",https://www.woolworths.com.au/shop/productdetails/1073973248/ferrarelle-naturally-sparkling-mineral-water-750ml-x-12,https://www.woolworths.com.au/content/promotiontags/everyday-market-free-shipping-v2.svg,https://assets.woolworths.com.au/images/1005/1073973248.jpg?impolicy=wowsmkqiema&w=260&h=260,$62.00,,$6.89 / 1L, Add to cart , Save to list 
Nescafe Farmers Origins Capsules Colombia 10 Pack,https://www.woolworths.com.au/shop/productdetails/151045/nescafe-farmers-origins-capsules-colombia,,https://assets.woolworths.com.au/images/1005/151045.jpg?impolicy=wowsmkqiema&w=260&h=260,$7.00,,$0.70 / 1EA, Add to cart , Save to list 
James Squire Zero 6 Pack,https://www.woolworths.com.au/shop/productdetails/238511/james-squire-zero,,https://assets.woolworths.com.au/images/1005/238511.jpg?impolicy=wowsmkqiema&w=260&h=260,$4.00,,, Add to cart , Save to list 
StrangeLove Nectarine Sparkling Water 330m Cans - 6x4 Pack,https://www.woolworths.com.au/shop/productdetails/1073863266/strangelove-nectarine-sparkling-water-330m-cans-6x4-pack,https://www.woolworths.com.au/content/promotiontags/everyday-market-free-shipping-v2.svg,https://assets.woolworths.com.au/images/1005/1073863266.jpg?impolicy=wowsmkqiema&w=260&h=260,$50.00,,$6.31 / 1L, Add to cart , Save to list 
Eastcoast Mini 100% Apple Juice 200ml,https://www.woolworths.com.au/shop/productdetails/273238/eastcoast-mini-100-apple-juice,,https://assets.woolworths.com.au/images/1005/273238.jpg?impolicy=wowsmkqiema&w=260&h=260,$2.00,,$10.00 / 1L, Add to cart , Save to list 
Espressotoria Espressotoria Mountain Grown Coffee Capsules 12 Pack,https://www.woolworths.com.au/shop/productdetails/829319/espressotoria-mountain-grown-coffee-capsules,https://www.woolworths.com.au/content/promotiontags/roundel-special-200x200.png,https://assets.woolworths.com.au/images/1005/829319.jpg?impolicy=wowsmkqiema&w=260&h=260,$7.00,$10.00,$0.58 / 1EA, Add to cart , Save to list 
Sacred Grounds Groover Coffee Beans 500g,https://www.woolworths.com.au/shop/productdetails/125490/sacred-grounds-groover-coffee-beans,https://www.woolworths.com.au/content/promotiontags/roundel-special-200x200.png,https://assets.woolworths.com.au/images/1005/125490.jpg?impolicy=wowsmkqiema&w=260&h=260,$15.00,$20.00,$3.00 / 100G, Add to cart , Save to list 
Pepsi Max Lemon Soft Drink Bottle 600ml,https://www.woolworths.com.au/shop/productdetails/246700/pepsi-max-lemon-soft-drink-bottle,,https://assets.woolworths.com.au/images/1005/246700.jpg?impolicy=wowsmkqiema&w=260&h=260,$3.65,,$6.08 / 1L, Add to cart , Save to list 
Eastcoast Mini Apple & Blackcurrant Juice 200ml,https://www.woolworths.com.au/shop/productdetails/273732/eastcoast-mini-apple-blackcurrant-juice,,https://assets.woolworths.com.au/images/1005/273732.jpg?impolicy=wowsmkqiema&w=260&h=260,,,,, Save to list 
Grinders Rich Espresso Ground Rainforest Alliance Certified 200g,https://www.woolworths.com.au/shop/productdetails/733507/grinders-rich-espresso-ground-rainforest-alliance-certified,https://www.woolworths.com.au/content/promotiontags/roundel-special-200x200.png,https://assets.woolworths.com.au/images/1005/733507.jpg?impolicy=wowsmkqiema&w=260&h=260,$7.70,$11.00,$3.85 / 100G, Add to cart , Save to list 
Lavazza Crema E Gusto Nespresso Compatible Coffee Pods 30 Pack,https://www.woolworths.com.au/shop/productdetails/220958/lavazza-crema-e-gusto-nespresso-compatible-coffee-pods,,https://assets.woolworths.com.au/images/1005/220958.jpg?impolicy=wowsmkqiema&w=260&h=260,$17.00,,$0.57 / 1EA, Add to cart , Save to list 
Grinders Compostable Coffee Capsules Crema 10 Pack,https://www.woolworths.com.au/shop/productdetails/177986/grinders-compostable-coffee-capsules-crema,https://www.woolworths.com.au/content/promotiontags/roundel-special-200x200.png,https://assets.woolworths.com.au/images/1005/177986.jpg?impolicy=wowsmkqiema&w=260&h=260,$6.40,$8.00,$0.64 / 1EA, Add to cart , Save to list 
Mountain Dew No Sugar 600ml,https://www.woolworths.com.au/shop/productdetails/161643/mountain-dew-no-sugar,https://www.woolworths.com.au/content/promotiontags/chilled-roundel.png,https://assets.woolworths.com.au/images/1005/161643.jpg?impolicy=wowsmkqiema&w=260&h=260,$3.65,,$6.08 / 1L, Add to cart , Save to list 
Natvia Tropical Paradise Cordial Concentrate 97% Sugar Free 300ml,https://www.woolworths.com.au/shop/productdetails/229188/natvia-tropical-paradise-cordial-concentrate-97-sugar-free,,https://assets.woolworths.com.au/images/1005/229188.jpg?impolicy=wowsmkqiema&w=260&h=260,$5.50,,$18.33 / 1L, Add to cart , Save to list 
The Hills Cider Co Virgin Apple Cider Bottles 330ml X6 Pack,https://www.woolworths.com.au/shop/productdetails/997314/hills-cider-the-hills-cider-co-virgin-apple-cider-bottles,,https://assets.woolworths.com.au/images/1005/997314.jpg?impolicy=wowsmkqiema&w=260&h=260,$16.50,,$8.33 / 1L, Add to cart , Save to list 
Sacred Grounds Breezy Coffee Beans 500g,https://www.woolworths.com.au/shop/productdetails/129812/sacred-grounds-breezy-coffee-beans,https://www.woolworths.com.au/content/promotiontags/roundel-special-200x200.png,https://assets.woolworths.com.au/images/1005/129812.jpg?impolicy=wowsmkqiema&w=260&h=260,$15.00,$20.00,$3.00 / 100G, Add to cart , Save to list 
StrangeLove Lemon Squash Lo-Cal Soda 300ml Bottles - 6x4 Pack,https://www.woolworths.com.au/shop/productdetails/1073863262/strangelove-lemon-squash-lo-cal-soda-300ml-bottles-6x4-pack,https://www.woolworths.com.au/content/promotiontags/everyday-market-free-shipping-v2.svg,https://assets.woolworths.com.au/images/1005/1073863262.jpg?impolicy=wowsmkqiema&w=260&h=260,$78.00,,$10.83 / 1L, Add to cart , Save to list 
Waves & Caves Ginger Beer 330ml x 12,https://www.woolworths.com.au/shop/productdetails/1074051801/waves-caves-ginger-beer-330ml-x-12,,https://assets.woolworths.com.au/images/1005/1074051801.jpg?impolicy=wowsmkqiema&w=260&h=260,$45.00,,$11.36 / 1L, Add to cart , Save to list 
Red Seal Zen Tea Bags 20 Pack,https://www.woolworths.com.au/shop/productdetails/110522/red-seal-zen-tea-bags,https://www.woolworths.com.au/content/promotiontags/roundel-special-200x200.png,https://assets.woolworths.com.au/images/1005/110522.jpg?impolicy=wowsmkqiema&w=260&h=260,$3.50,$6.00,$0.18 / 1EA, Add to cart , Save to list 
Bickford's Pineapple & Mango Juice 1l,https://www.woolworths.com.au/shop/productdetails/229242/bickford-s-pineapple-mango-juice,https://www.woolworths.com.au/content/promotiontags/roundel-special-200x200.png,https://assets.woolworths.com.au/images/1005/229242.jpg?impolicy=wowsmkqiema&w=260&h=260,$5.50,$6.50,$5.50 / 1L, Add to cart , Save to list 
Famous Soda Co Pink Lemonade Soda 12 Pack x 250ml Cans,https://www.woolworths.com.au/shop/productdetails/1073903014/famous-soda-co-pink-lemonade-soda-12-pack-x-250ml-cans,https://www.woolworths.com.au/content/promotiontags/roundel-special-200x200.png,https://assets.woolworths.com.au/images/1005/1073903014.jpg?impolicy=wowsmkqiema&w=260&h=260,$26.99,$32.99,$9.00 / 1L, Add to cart , Save to list 
StrangeLove Coastal Tonic 180ml Bottles - 6x4 Pack,https://www.woolworths.com.au/shop/productdetails/1073863263/strangelove-coastal-tonic-180ml-bottles-6x4-pack,https://www.woolworths.com.au/content/promotiontags/everyday-market-free-shipping-v2.svg,https://assets.woolworths.com.au/images/1005/1073863263.jpg?impolicy=wowsmkqiema&w=260&h=260,$60.00,,$13.89 / 1L, Add to cart , Save to list 
Devil's Peak Hero Non Alcoholic 330ml X 6 Pack,https://www.woolworths.com.au/shop/productdetails/991846/devils-peak-devil-s-peak-hero-non-alcoholic,,https://assets.woolworths.com.au/images/1005/991846.jpg?impolicy=wowsmkqiema&w=260&h=260,$13.00,,, Add to cart , Save to list 
Red Seal Immunity Green Tea Vitamin C Echinacea 20 Pack,https://www.woolworths.com.au/shop/productdetails/110562/red-seal-immunity-green-tea-vitamin-c-echinacea,https://www.woolworths.com.au/content/promotiontags/roundel-special-200x200.png,https://assets.woolworths.com.au/images/1005/110562.jpg?impolicy=wowsmkqiema&w=260&h=260,$3.50,$6.00,$0.18 / 1EA, Add to cart , Save to list 
Naked Life Non Alcoholic Spiced Caribbean Dry & Lime 250ml X4 Pack,https://www.woolworths.com.au/shop/productdetails/179836/naked-life-non-alcoholic-spiced-caribbean-dry-lime,https://www.woolworths.com.au/content/promotiontags/roundel-special-200x200.png,https://assets.woolworths.com.au/images/1005/179836.jpg?impolicy=wowsmkqiema&w=260&h=260,$12.00,$15.00,$12.00 / 1L, Add to cart , Save to list 
Nexba Lemon & Ginger Immunity Naturally Sugar Free Nootropic 330ml X4 Pack,https://www.woolworths.com.au/shop/productdetails/187309/nexba-lemon-ginger-immunity-naturally-sugar-free-nootropic,https://www.woolworths.com.au/content/promotiontags/roundel-special-200x200.png,https://assets.woolworths.com.au/images/1005/187309.jpg?impolicy=wowsmkqiema&w=260&h=260,$8.55,$9.50,$6.48 / 1L, Add to cart , Save to list 
Remedy Organic Kombucha Ginger Lemon 250ml,https://www.woolworths.com.au/shop/productdetails/710899/remedy-organic-kombucha-ginger-lemon,,https://assets.woolworths.com.au/images/1005/710899.jpg?impolicy=wowsmkqiema&w=260&h=260,$2.75,,$11.00 / 1L, Add to cart , Save to list 
StrangeLove Lemon Sparkling Water 330ml Cans - 6x4 Pack,https://www.woolworths.com.au/shop/productdetails/1073863267/strangelove-lemon-sparkling-water-330ml-cans-6x4-pack,https://www.woolworths.com.au/content/promotiontags/everyday-market-free-shipping-v2.svg,https://assets.woolworths.com.au/images/1005/1073863267.jpg?impolicy=wowsmkqiema&w=260&h=260,$50.00,,$6.31 / 1L, Add to cart , Save to list 
StrangeLove Mixed Tonic 180ml Bottles - 4x4 Pack,https://www.woolworths.com.au/shop/productdetails/1073863279/strangelove-mixed-tonic-180ml-bottles-4x4-pack,https://www.woolworths.com.au/content/promotiontags/everyday-market-free-shipping-v2.svg,https://assets.woolworths.com.au/images/1005/1073863279.jpg?impolicy=wowsmkqiema&w=260&h=260,$50.00,,$10.42 / 1L, Add to cart , Save to list 
Naked Life Brown Sugar Betta Boba Milk Bubble Tea 50% Less Sugar 4 X315ml,https://www.woolworths.com.au/shop/productdetails/222417/naked-life-brown-sugar-betta-boba-milk-bubble-tea-50-less-sugar,,https://assets.woolworths.com.au/images/1005/222417.jpg?impolicy=wowsmkqiema&w=260&h=260,$12.00,,$9.52 / 1L, Add to cart , Save to list 
Madura Te Chai Leaf Tea 170g,https://www.woolworths.com.au/shop/productdetails/153332/madura-te-chai-leaf-tea,,https://assets.woolworths.com.au/images/1005/153332.jpg?impolicy=wowsmkqiema&w=260&h=260,$11.50,,$6.76 / 100G, Add to cart , Save to list 
Chatime Brown Sugar Milk Bubble Tea 4 Pack,https://www.woolworths.com.au/shop/productdetails/227178/chatime-brown-sugar-milk-bubble-tea,,https://assets.woolworths.com.au/images/1005/227178.jpg?impolicy=wowsmkqiema&w=260&h=260,$10.00,,$2.50 / 1EA, Add to cart , Save to list 
StrangeLove Mixed Top Sellers 300ml Bottles - 4x4 Pack,https://www.woolworths.com.au/shop/productdetails/1073863278/strangelove-mixed-top-sellers-300ml-bottles-4x4-pack,https://www.woolworths.com.au/content/promotiontags/everyday-market-free-shipping-v2.svg,https://assets.woolworths.com.au/images/1005/1073863278.jpg?impolicy=wowsmkqiema&w=260&h=260,$50.00,,$10.42 / 1L, Add to cart , Save to list 
Giesen 0% New Zealand Sauvignon Blanc 750ml,https://www.woolworths.com.au/shop/productdetails/88509/giesen-0-new-zealand-sauvignon-blanc,,https://assets.woolworths.com.au/images/1005/88509.jpg?impolicy=wowsmkqiema&w=260&h=260,$18.00,,$24.00 / 1L, Add to cart , Save to list 
BOB Vegan Cocoa Drinking Chocolate 250g x 3 Packs,https://www.woolworths.com.au/shop/productdetails/1073911129/bob-vegan-cocoa-drinking-chocolate-250g-x-3-packs,,https://assets.woolworths.com.au/images/1005/1073911129.jpg?impolicy=wowsmkqiema&w=260&h=260,$30.00,,$4.00 / 100G, Add to cart , Save to list 
Illy Classico 100% Arabica Esspresso Classic Roast Coffe Bean 1.5kg,https://www.woolworths.com.au/shop/productdetails/1074025785/illy-classico-100-arabica-esspresso-classic-roast-coffe-bean-1-5kg,https://www.woolworths.com.au/content/promotiontags/roundel-special-200x200.png,https://assets.woolworths.com.au/images/1005/1074025785.jpg?impolicy=wowsmkqiema&w=260&h=260,$107.95,$127.00,, Add to cart , Save to list 
Old Town Authentic White Coffee with reduced sugar 15 bars 525g x 2Pack,https://www.woolworths.com.au/shop/productdetails/1073962579/old-town-authentic-white-coffee-with-reduced-sugar-15-bars-525g-x-2pack,https://www.woolworths.com.au/content/promotiontags/roundel-special-200x200.png,https://assets.woolworths.com.au/images/1005/1073962579.jpg?impolicy=wowsmkqiema&w=260&h=260,$27.49,$29.99,$2.62 / 100G, Add to cart , Save to list 
Tea Gardens Probiotic Iced Tea Passionfruit 800ml,https://www.woolworths.com.au/shop/productdetails/1073961576/tea-gardens-probiotic-iced-tea-passionfruit-800ml,https://www.woolworths.com.au/content/promotiontags/roundel-special-200x200.png,https://assets.woolworths.com.au/images/1005/1073961576.jpg?impolicy=wowsmkqiema&w=260&h=260,$62.64,$69.60,$3.26 / 1L, Add to cart , Save to list 
Waves & Caves Lemonade 330ml x 12,https://www.woolworths.com.au/shop/productdetails/1074049682/waves-caves-lemonade-330ml-x-12,,https://assets.woolworths.com.au/images/1005/1074049682.jpg?impolicy=wowsmkqiema&w=260&h=260,$45.00,,$11.36 / 1L, Add to cart , Save to list 
Lavazza Espresso Barista Intenso Coffee Beans 500g,https://www.woolworths.com.au/shop/productdetails/220985/lavazza-espresso-barista-intenso-coffee-beans,,https://assets.woolworths.com.au/images/1005/220985.jpg?impolicy=wowsmkqiema&w=260&h=260,$21.00,,$4.20 / 100G, Add to cart , Save to list 
Golden Circle Orange Juice 50% Less Sugar Fruit Juices Oj 2l,https://www.woolworths.com.au/shop/productdetails/103692/golden-circle-orange-juice-50-less-sugar-fruit-juices-oj,,https://assets.woolworths.com.au/images/1005/103692.jpg?impolicy=wowsmkqiema&w=260&h=260,$5.10,,$2.55 / 1L, Add to cart , Save to list 
Grinders Compostable Coffee Capsules Rich Espresso 10 Pack,https://www.woolworths.com.au/shop/productdetails/178064/grinders-compostable-coffee-capsules-rich-espresso,https://www.woolworths.com.au/content/promotiontags/roundel-special-200x200.png,https://assets.woolworths.com.au/images/1005/178064.jpg?impolicy=wowsmkqiema&w=260&h=260,$6.40,$8.00,$0.64 / 1EA, Add to cart , Save to list 
Chai Tea Organic Rooibos Chai Tea Bags 20serve,https://www.woolworths.com.au/shop/productdetails/1073923138/chai-tea-organic-rooibos-chai-tea-bags-20serve,,https://assets.woolworths.com.au/images/1005/1073923138.jpg?impolicy=wowsmkqiema&w=260&h=260,$11.95,,$0.60 / 1EA, Add to cart , Save to list 
StrangeLove Very Mandarin Lo-Cal Soda 300ml Bottles - 6x4 Pack,https://www.woolworths.com.au/shop/productdetails/1073863257/strangelove-very-mandarin-lo-cal-soda-300ml-bottles-6x4-pack,https://www.woolworths.com.au/content/promotiontags/everyday-market-free-shipping-v2.svg,https://assets.woolworths.com.au/images/1005/1073863257.jpg?impolicy=wowsmkqiema&w=260&h=260,$78.00,,$10.83 / 1L, Add to cart , Save to list 
Red Seal Cleanse Herbal Blend Teabags 20 Pack,https://www.woolworths.com.au/shop/productdetails/108598/red-seal-cleanse-herbal-blend-teabags,https://www.woolworths.com.au/content/promotiontags/roundel-special-200x200.png,https://assets.woolworths.com.au/images/1005/108598.jpg?impolicy=wowsmkqiema&w=260&h=260,$3.50,$6.00,$0.18 / 1EA, Add to cart , Save to list 
Chatime Bubble Milk Tea With Pearls 4 Pack,https://www.woolworths.com.au/shop/productdetails/181180/chatime-bubble-milk-tea-with-pearls,,https://assets.woolworths.com.au/images/1005/181180.jpg?impolicy=wowsmkqiema&w=260&h=260,,,,, Save to list 
Natvia Berry Refreshing Cordial Concentrate 97% Sugar Free 300ml,https://www.woolworths.com.au/shop/productdetails/229200/natvia-berry-refreshing-cordial-concentrate-97-sugar-free,,https://assets.woolworths.com.au/images/1005/229200.jpg?impolicy=wowsmkqiema&w=260&h=260,$5.50,,$18.33 / 1L, Add to cart , Save to list 
Moccona Sachets     Coconut Latte 8 Pk,https://www.woolworths.com.au/shop/productdetails/182679/moccona,https://www.woolworths.com.au/content/promotiontags/roundel-special-200x200.png,https://assets.woolworths.com.au/images/1005/182679.jpg?impolicy=wowsmkqiema&w=260&h=260,$3.50,$6.00,$0.44 / 1EA, Add to cart , Save to list 
Plus & Minus Zero Alcohol Pinot Noir 750ml,https://www.woolworths.com.au/shop/productdetails/222883/plus-minus-zero-alcohol-pinot-noir,,https://assets.woolworths.com.au/images/1005/222883.jpg?impolicy=wowsmkqiema&w=260&h=260,$14.00,,$18.67 / 1L, Add to cart , Save to list 
Bickford's Orange & Passionfruit Fruit Drink 50% Less Sugar 1l,https://www.woolworths.com.au/shop/productdetails/229504/bickford-s-orange-passionfruit-fruit-drink-50-less-sugar,https://www.woolworths.com.au/content/promotiontags/roundel-special-200x200.png,https://assets.woolworths.com.au/images/1005/229504.jpg?impolicy=wowsmkqiema&w=260&h=260,$5.50,$6.50,$5.50 / 1L, Add to cart , Save to list 
Musashi Muscle Recovery Protein Shake Chocolate Box 6 x 375ml,https://www.woolworths.com.au/shop/productdetails/1073992811/musashi-muscle-recovery-protein-shake-chocolate-box-6-x-375ml,https://www.woolworths.com.au/content/promotiontags/roundel-special-200x200.png,https://assets.woolworths.com.au/images/1005/1073992811.jpg?impolicy=wowsmkqiema&w=260&h=260,$24.25,,$6.47 / 100ML, Add to cart , Save to list 
Gordon's 0.0% Alcohol Free 700ml,https://www.woolworths.com.au/shop/productdetails/159775/gordon-s-0-0-alcohol-free,,https://assets.woolworths.com.au/images/1005/159775.jpg?impolicy=wowsmkqiema&w=260&h=260,$35.00,,, Add to cart , Save to list 
Coca-cola No Sugarvanilla Soft Drink Bottle 600ml,https://www.woolworths.com.au/shop/productdetails/803079/coca-cola-no-sugarvanilla-soft-drink-bottle,https://www.woolworths.com.au/content/promotiontags/chilled-roundel.png,https://assets.woolworths.com.au/images/1005/803079.jpg?impolicy=wowsmkqiema&w=260&h=260,$4.05,,$6.75 / 1L, Add to cart , Save to list 
Mother Frosty Berry Energy Drink 375ml X 10 Pack,https://www.woolworths.com.au/shop/productdetails/231250/mother-frosty-berry-energy-drink,,https://assets.woolworths.com.au/images/1005/231250.jpg?impolicy=wowsmkqiema&w=260&h=260,$14.15,,$3.77 / 1L, Add to cart , Save to list 
StrangeLove Lime & Jalapeno Lo-Cal Soda 300ml Bottles - 6x4 Pack,https://www.woolworths.com.au/shop/productdetails/1073863264/strangelove-lime-jalapeno-lo-cal-soda-300ml-bottles-6x4-pack,https://www.woolworths.com.au/content/promotiontags/everyday-market-free-shipping-v2.svg,https://assets.woolworths.com.au/images/1005/1073863264.jpg?impolicy=wowsmkqiema&w=260&h=260,$78.00,,$10.83 / 1L, Add to cart , Save to list 
Natvia Citrus Burst Cordial Concentrate 97% Sugar Free 300ml,https://www.woolworths.com.au/shop/productdetails/229462/natvia-citrus-burst-cordial-concentrate-97-sugar-free,,https://assets.woolworths.com.au/images/1005/229462.jpg?impolicy=wowsmkqiema&w=260&h=260,$5.50,,$18.33 / 1L, Add to cart , Save to list 
Bundaberg Ginger Beer 375ml,https://www.woolworths.com.au/shop/productdetails/98838/bundaberg-ginger-beer,https://www.woolworths.com.au/content/promotiontags/chilled-roundel.png,https://assets.woolworths.com.au/images/1005/98838.jpg?impolicy=wowsmkqiema&w=260&h=260,$2.90,,$7.73 / 1L, Add to cart , Save to list 
Coca-cola Can 375ml,https://www.woolworths.com.au/shop/productdetails/34691/coca-cola-can,,https://assets.woolworths.com.au/images/1005/34691.jpg?impolicy=wowsmkqiema&w=260&h=260,,,,, Save to list 
Lo Bros Kombucha Soda Cola Box 250ml 4pack X 6,https://www.woolworths.com.au/shop/productdetails/1073890973/lo-bros-kombucha-soda-cola-box-250ml-4pack-x-6,https://www.woolworths.com.au/content/promotiontags/everyday-market-free-shipping-v2.svg,https://assets.woolworths.com.au/images/1005/1073890973.jpg?impolicy=wowsmkqiema&w=260&h=260,$52.50,,$0.88 / 100ML, Add to cart , Save to list 
Quarterpast Iced Coffee Beverage Concentrate Original 360ml,https://www.woolworths.com.au/shop/productdetails/222757/quarterpast-iced-coffee-beverage-concentrate-original,,https://assets.woolworths.com.au/images/1005/222757.jpg?impolicy=wowsmkqiema&w=260&h=260,,,,, Save to list 
Plus Minus Zero Alcohol Prosecco 250mlx 4 Pack,https://www.woolworths.com.au/shop/productdetails/982034/plus-minus-plus-minus-zero-alcohol-prosecco,,https://assets.woolworths.com.au/images/1005/982034.jpg?impolicy=wowsmkqiema&w=260&h=260,$20.00,,$20.00 / 1L, Add to cart , Save to list 
Buddha Teas Organic Herbal Tea Bags Holy Basil Tea (Tulsi) 18serve,https://www.woolworths.com.au/shop/productdetails/1073923147/buddha-teas-organic-herbal-tea-bags-holy-basil-tea-tulsi-18serve,,https://assets.woolworths.com.au/images/1005/1073923147.jpg?impolicy=wowsmkqiema&w=260&h=260,$10.00,,$0.56 / 1EA, Add to cart , Save to list 
Giesen 0% New Zealand Rose 750ml,https://www.woolworths.com.au/shop/productdetails/182455/giesen-0-new-zealand-rose,,https://assets.woolworths.com.au/images/1005/182455.jpg?impolicy=wowsmkqiema&w=260&h=260,$18.00,,, Add to cart , Save to list 
Moccona Freeze Dried Instant Coffee Indulgence 100g,https://www.woolworths.com.au/shop/productdetails/71481/moccona-freeze-dried-instant-coffee-indulgence,https://www.woolworths.com.au/content/promotiontags/roundel-special-200x200.png,https://assets.woolworths.com.au/images/1005/71481.jpg?impolicy=wowsmkqiema&w=260&h=260,$8.75,$12.50,$8.75 / 100G, Add to cart , Save to list 
Coco Coast Strawberry Coconut Water 500ml x 12 pack,https://www.woolworths.com.au/shop/productdetails/1073927572/coco-coast-strawberry-coconut-water-500ml-x-12-pack,,https://assets.woolworths.com.au/images/1005/1073927572.jpg?impolicy=wowsmkqiema&w=260&h=260,$44.95,,$7.49 / 1L, Add to cart , Save to list 
No Ugly Focus Blackcurrant Wellness Tonic 250ml,https://www.woolworths.com.au/shop/productdetails/149644/no-ugly-focus-blackcurrant-wellness-tonic,,https://assets.woolworths.com.au/images/1005/149644.jpg?impolicy=wowsmkqiema&w=260&h=260,$4.50,,$18.00 / 1L, Add to cart , Save to list 
Grinders Compostable Coffee Capsules Espresso 10 Pack,https://www.woolworths.com.au/shop/productdetails/178363/grinders-compostable-coffee-capsules-espresso,https://www.woolworths.com.au/content/promotiontags/roundel-special-200x200.png,https://assets.woolworths.com.au/images/1005/178363.jpg?impolicy=wowsmkqiema&w=260&h=260,$6.40,$8.00,$0.64 / 1EA, Add to cart , Save to list 
GODIVA Easter Milk Chocolate Eggs 130g + Milk Chocolate Bunny & Egg (2 Pack),https://www.woolworths.com.au/shop/productdetails/1074164593/godiva-easter-milk-chocolate-eggs-130g-milk-chocolate-bunny-egg-2-pack-,https://www.woolworths.com.au/content/promotiontags/roundel-special-200x200.png,https://assets.woolworths.com.au/images/1005/1074164593.jpg?impolicy=wowsmkqiema&w=260&h=260,$42.00,,$12.00 / 100G, Add to cart , Save to list 
Lo Bros Kombucha Passionfruit Box 250ml 4pack X 6,https://www.woolworths.com.au/shop/productdetails/1073890980/lo-bros-kombucha-passionfruit-box-250ml-4pack-x-6,https://www.woolworths.com.au/content/promotiontags/everyday-market-free-shipping-v2.svg,https://assets.woolworths.com.au/images/1005/1073890980.jpg?impolicy=wowsmkqiema&w=260&h=260,$52.50,,$0.88 / 100ML, Add to cart , Save to list 
StrangeLove Guava Sparkling Water 330ml Cans - 6x4 Pack,https://www.woolworths.com.au/shop/productdetails/1073863276/strangelove-guava-sparkling-water-330ml-cans-6x4-pack,https://www.woolworths.com.au/content/promotiontags/everyday-market-free-shipping-v2.svg,https://assets.woolworths.com.au/images/1005/1073863276.jpg?impolicy=wowsmkqiema&w=260&h=260,$50.00,,$6.31 / 1L, Add to cart , Save to list 
StrangeLove Holy Grapefruit Lo-Cal Soda 300ml Bottles Bottles - 6x4 Pack,https://www.woolworths.com.au/shop/productdetails/1073863259/strangelove-holy-grapefruit-lo-cal-soda-300ml-bottles-bottles-6x4-pack,https://www.woolworths.com.au/content/promotiontags/everyday-market-free-shipping-v2.svg,https://assets.woolworths.com.au/images/1005/1073863259.jpg?impolicy=wowsmkqiema&w=260&h=260,$78.00,,$10.83 / 1L, Add to cart , Save to list 
Lotus Peak Bubble Tea Brown Sugar 490ml,https://www.woolworths.com.au/shop/productdetails/189293/lotus-peak-bubble-tea-brown-sugar,https://www.woolworths.com.au/content/promotiontags/roundel-special-200x200.png,https://assets.woolworths.com.au/images/1005/189293.jpg?impolicy=wowsmkqiema&w=260&h=260,$4.50,$5.00,$9.18 / 1L, Add to cart , Save to list 
Oasis Ground Coffee Greek Style 200g,https://www.woolworths.com.au/shop/productdetails/29734/oasis-ground-coffee-greek-style,,https://assets.woolworths.com.au/images/1005/29734.jpg?impolicy=wowsmkqiema&w=260&h=260,$5.70,,$2.85 / 100G, Add to cart , Save to list 
Gift Pack Duo Non-Alcoholic Lautus Wines - Savvy White & Moscato Rosé 750ml,https://www.woolworths.com.au/shop/productdetails/1073841258/gift-pack-duo-non-alcoholic-lautus-wines-savvy-white-moscato-ros-750ml,https://www.woolworths.com.au/content/promotiontags/roundel-special-200x200.png,https://assets.woolworths.com.au/images/1005/1073841258.jpg?impolicy=wowsmkqiema&w=260&h=260,$25.45,$29.90,, Add to cart , Save to list 
StrangeLove Salted Grapefruit 180ml Bottles - 6x4 Pack,https://www.woolworths.com.au/shop/productdetails/1073863255/strangelove-salted-grapefruit-180ml-bottles-6x4-pack,https://www.woolworths.com.au/content/promotiontags/everyday-market-free-shipping-v2.svg,https://assets.woolworths.com.au/images/1005/1073863255.jpg?impolicy=wowsmkqiema&w=260&h=260,$60.00,,$13.89 / 1L, Add to cart , Save to list 
Naked Life Calm+ Sparkling Mineral Water Passionfruit Can 250ml,https://www.woolworths.com.au/shop/productdetails/250904/naked-life-calm-sparkling-mineral-water-passionfruit-can,,https://assets.woolworths.com.au/images/1005/250904.jpg?impolicy=wowsmkqiema&w=260&h=260,$3.50,,$14.00 / 1L, Add to cart , Save to list 
Joe's Classics Apple Juice 350mL x 12 Pack,https://www.woolworths.com.au/shop/productdetails/1073950519/joe-s-classics-apple-juice-350ml-x-12-pack,,https://assets.woolworths.com.au/images/1005/1073950519.jpg?impolicy=wowsmkqiema&w=260&h=260,$35.32,,$0.84 / 100ML, Add to cart , Save to list 
Eastcoast 100% Apple Juice 2l,https://www.woolworths.com.au/shop/productdetails/273752/eastcoast-100-apple-juice,https://www.woolworths.com.au/content/promotiontags/roundel-special-200x200.png,https://assets.woolworths.com.au/images/1005/273752.jpg?impolicy=wowsmkqiema&w=260&h=260,$5.40,$6.00,$2.70 / 1L, Add to cart , Save to list 
Remedy Kombucha Raspberry Lemonade 250ml,https://www.woolworths.com.au/shop/productdetails/711523/remedy-kombucha-raspberry-lemonade,,https://assets.woolworths.com.au/images/1005/711523.jpg?impolicy=wowsmkqiema&w=260&h=260,$2.75,,$11.00 / 1L, Add to cart , Save to list 
Gift Pack Duo Non-Alcoholic Lautus Wines - Savvy Red & Merlot 750ml,https://www.woolworths.com.au/shop/productdetails/1073841259/gift-pack-duo-non-alcoholic-lautus-wines-savvy-red-merlot-750ml,https://www.woolworths.com.au/content/promotiontags/roundel-special-200x200.png,https://assets.woolworths.com.au/images/1005/1073841259.jpg?impolicy=wowsmkqiema&w=260&h=260,$39.55,$43.95,, Add to cart , Save to list 
Coopers Pale Ale No1 Home Brew 1.7kg,https://www.woolworths.com.au/shop/productdetails/208897/coopers-pale-ale-no1-home-brew,,https://assets.woolworths.com.au/images/1005/208897.jpg?impolicy=wowsmkqiema&w=260&h=260,$19.00,,$11.18 / 1KG, Add to cart , Save to list 
Plus Minus Zero Alcohol Sparkling Rose 250mlx 4 Pack,https://www.woolworths.com.au/shop/productdetails/982032/plus-minus-plus-minus-zero-alcohol-sparkling-rose,,https://assets.woolworths.com.au/images/1005/982032.jpg?impolicy=wowsmkqiema&w=260&h=260,$20.00,,$20.00 / 1L, Add to cart , Save to list 
Jiva Kombucha Mango Passionfruit 300ml,https://www.woolworths.com.au/shop/productdetails/273654/jiva-kombucha-mango-passionfruit,,https://assets.woolworths.com.au/images/1005/273654.jpg?impolicy=wowsmkqiema&w=260&h=260,$4.40,,$14.67 / 1L, Add to cart , Save to list 
Brigalow Dextrose Bag 1kg,https://www.woolworths.com.au/shop/productdetails/58797/brigalow-dextrose-bag,,https://assets.woolworths.com.au/images/1005/58797.jpg?impolicy=wowsmkqiema&w=260&h=260,$4.00,,$4.00 / 1KG, Add to cart , Save to list 
Juice Lab Digest Gut Health Super Shot 350ml,https://www.woolworths.com.au/shop/productdetails/249042/juice-lab-digest-gut-health-super-shot,https://www.woolworths.com.au/content/promotiontags/roundel-special-200x200.png,https://assets.woolworths.com.au/images/1005/249042.jpg?impolicy=wowsmkqiema&w=260&h=260,$10.00,$12.00,$28.57 / 1L, Add to cart , Save to list 
Aloe Mate Aloe Vera Lychee 500mL x 20 Pack,https://www.woolworths.com.au/shop/productdetails/1073950506/aloe-mate-aloe-vera-lychee-500ml-x-20-pack,,https://assets.woolworths.com.au/images/1005/1073950506.jpg?impolicy=wowsmkqiema&w=260&h=260,$48.46,,$0.48 / 100ML, Add to cart , Save to list 
Nescafe Blend 43 Dark Roast Instant Coffee 8 Intensity 300g,https://www.woolworths.com.au/shop/productdetails/156727/nescafe-blend-43-dark-roast-instant-coffee-8-intensity,https://www.woolworths.com.au/content/promotiontags/roundel-special-200x200.png,https://assets.woolworths.com.au/images/1005/156727.jpg?impolicy=wowsmkqiema&w=260&h=260,$12.00,$17.40,$4.00 / 100G, Add to cart , Save to list 
Naked Life Espresso Martini Non-alcoholic Cocktail Cans 200ml X4 Pack,https://www.woolworths.com.au/shop/productdetails/224615/naked-life-espresso-martini-non-alcoholic-cocktail-cans,https://www.woolworths.com.au/content/promotiontags/roundel-special-200x200.png,https://assets.woolworths.com.au/images/1005/224615.jpg?impolicy=wowsmkqiema&w=260&h=260,$12.00,$15.00,$15.00 / 1L, Add to cart , Save to list 
Coco Coast Yuzu Coconut Water 500ml x 12 pack,https://www.woolworths.com.au/shop/productdetails/1073927571/coco-coast-yuzu-coconut-water-500ml-x-12-pack,,https://assets.woolworths.com.au/images/1005/1073927571.jpg?impolicy=wowsmkqiema&w=260&h=260,$44.95,,$7.49 / 1L, Add to cart , Save to list 
"Evian Sparkling Mineral Water, 20 x 330ml Glass Bottles",https://www.woolworths.com.au/shop/productdetails/1074165750/evian-sparkling-mineral-water-20-x-330ml-glass-bottles,https://www.woolworths.com.au/content/promotiontags/everyday-market-free-shipping-v2.svg,https://assets.woolworths.com.au/images/1005/1074165750.jpg?impolicy=wowsmkqiema&w=260&h=260,$50.00,,$7.58 / 1L, Add to cart , Save to list 
Pukka Herbs Feel New Tea Bags 2x20packs,https://www.woolworths.com.au/shop/productdetails/1073959579/pukka-herbs-feel-new-tea-bags-2x20packs,,https://assets.woolworths.com.au/images/1005/1073959579.jpg?impolicy=wowsmkqiema&w=260&h=260,$17.50,,$0.44 / 1EA, Add to cart , Save to list 
StrangeLove Still Australian Mineral Water 330ml Cans - 6x4 Pack,https://www.woolworths.com.au/shop/productdetails/1073863268/strangelove-still-australian-mineral-water-330ml-cans-6x4-pack,https://www.woolworths.com.au/content/promotiontags/everyday-market-free-shipping-v2.svg,https://assets.woolworths.com.au/images/1005/1073863268.jpg?impolicy=wowsmkqiema&w=260&h=260,$50.00,,$6.31 / 1L, Add to cart , Save to list 
Coopers Carbonated Drops 250g,https://www.woolworths.com.au/shop/productdetails/271575/coopers-carbonated-drops,,https://assets.woolworths.com.au/images/1005/271575.jpg?impolicy=wowsmkqiema&w=260&h=260,$4.50,,$18.00 / 1KG, Add to cart , Save to list 
Nexba Pink Grapefruit Glow Naturally Sugar Free Nootropic 330ml X4 Pack,https://www.woolworths.com.au/shop/productdetails/186990/nexba-pink-grapefruit-glow-naturally-sugar-free-nootropic,https://www.woolworths.com.au/content/promotiontags/roundel-special-200x200.png,https://assets.woolworths.com.au/images/1005/186990.jpg?impolicy=wowsmkqiema&w=260&h=260,$8.55,$9.50,$6.48 / 1L, Add to cart , Save to list 
Bundaberg Spiced Ginger Beer 10x375ml,https://www.woolworths.com.au/shop/productdetails/664742/bundaberg-spiced-ginger-beer,,https://assets.woolworths.com.au/images/1005/664742.jpg?impolicy=wowsmkqiema&w=260&h=260,,,,, Save to list 
Chatime Thai Milk Tea Bubble Tea Kit With Tapioca Pearls 4 Pack,https://www.woolworths.com.au/shop/productdetails/227744/chatime-thai-milk-tea-bubble-tea-kit-with-tapioca-pearls,,https://assets.woolworths.com.au/images/1005/227744.jpg?impolicy=wowsmkqiema&w=260&h=260,$10.00,,$2.50 / 1EA, Add to cart , Save to list 
Nexba Sugar Free Pink Grapefruit & Tasmanian Pepperberry 4 X330ml,https://www.woolworths.com.au/shop/productdetails/228876/nexba-sugar-free-pink-grapefruit-tasmanian-pepperberry,,https://assets.woolworths.com.au/images/1005/228876.jpg?impolicy=wowsmkqiema&w=260&h=260,$15.00,,$11.36 / 1L, Add to cart , Save to list 
Hawkesbury Brewing Prohibition Pale Ale 0% Alcohol Cans 375ml X 4 Pack,https://www.woolworths.com.au/shop/productdetails/979523/hawkesbury-brewing-prohibition-pale-ale-0-alcohol-cans,,https://assets.woolworths.com.au/images/1005/979523.jpg?impolicy=wowsmkqiema&w=260&h=260,$14.00,,$9.33 / 1L, Add to cart , Save to list 
Hills Zero Alcohol Cider Apple With Lemon & Rosemary Bottles 330ml X 6 Pack,https://www.woolworths.com.au/shop/productdetails/982040/hills-zero-alcohol-cider-apple-with-lemon-rosemary-bottles,https://www.woolworths.com.au/content/promotiontags/roundel-special-200x200.png,https://assets.woolworths.com.au/images/1005/982040.jpg?impolicy=wowsmkqiema&w=260&h=260,$11.00,$16.50,$5.56 / 1L, Add to cart , Save to list 
Famous Soda Co Pink Lemonade Soda 12 Pack x 330ml Cans,https://www.woolworths.com.au/shop/productdetails/1073902976/famous-soda-co-pink-lemonade-soda-12-pack-x-330ml-cans,https://www.woolworths.com.au/content/promotiontags/roundel-special-200x200.png,https://assets.woolworths.com.au/images/1005/1073902976.jpg?impolicy=wowsmkqiema&w=260&h=260,$31.99,$36.99,$8.08 / 1L, Add to cart , Save to list 
"Gift Pack Duo John Ross The Mary 0% Gin 750ml, Pink Tonic Water 24 x 200ml",https://www.woolworths.com.au/shop/productdetails/1073902772/gift-pack-duo-john-ross-the-mary-0-gin-750ml-pink-tonic-water-24-x-200ml,https://www.woolworths.com.au/content/promotiontags/roundel-special-200x200.png,https://assets.woolworths.com.au/images/1005/1073902772.jpg?impolicy=wowsmkqiema&w=260&h=260,$62.95,$69.95,, Add to cart , Save to list 
Pukka Herbs Peppermint & Licorice Tea Bags 20pack x 2,https://www.woolworths.com.au/shop/productdetails/1073961641/pukka-herbs-peppermint-licorice-tea-bags-20pack-x-2,,https://assets.woolworths.com.au/images/1005/1073961641.jpg?impolicy=wowsmkqiema&w=260&h=260,$17.50,,$0.44 / 1EA, Add to cart , Save to list 
StrangeLove Smoked Cola Lo-Cal Soda 300ml Bottles - 6x4 Pack,https://www.woolworths.com.au/shop/productdetails/1073863261/strangelove-smoked-cola-lo-cal-soda-300ml-bottles-6x4-pack,https://www.woolworths.com.au/content/promotiontags/everyday-market-free-shipping-v2.svg,https://assets.woolworths.com.au/images/1005/1073863261.jpg?impolicy=wowsmkqiema&w=260&h=260,$78.00,,$10.83 / 1L, Add to cart , Save to list 
Jiva Xtreme Beauty Shot Super Berry 100ml,https://www.woolworths.com.au/shop/productdetails/271008/jiva-xtreme-beauty-shot-super-berry,,https://assets.woolworths.com.au/images/1005/271008.jpg?impolicy=wowsmkqiema&w=260&h=260,$3.50,,$35.00 / 1L, Add to cart , Save to list 
Aloe Mate Aloe Vera Mango 500mL x 20 Pack,https://www.woolworths.com.au/shop/productdetails/1073950507/aloe-mate-aloe-vera-mango-500ml-x-20-pack,,https://assets.woolworths.com.au/images/1005/1073950507.jpg?impolicy=wowsmkqiema&w=260&h=260,$48.46,,$0.48 / 100ML, Add to cart , Save to list 
Aloe Mate Aloe Vera Original 500mL x 20 Pack,https://www.woolworths.com.au/shop/productdetails/1073950504/aloe-mate-aloe-vera-original-500ml-x-20-pack,,https://assets.woolworths.com.au/images/1005/1073950504.jpg?impolicy=wowsmkqiema&w=260&h=260,$48.46,,$0.48 / 100ML, Add to cart , Save to list 
Famous Soda Co Pink Lemonade Soda 12 Pack x 330ml Bottle,https://www.woolworths.com.au/shop/productdetails/1073902998/famous-soda-co-pink-lemonade-soda-12-pack-x-330ml-bottle,,https://assets.woolworths.com.au/images/1005/1073902998.jpg?impolicy=wowsmkqiema&w=260&h=260,$46.99,,$11.87 / 1L, Add to cart , Save to list 
Lyre's Alcohol Free Non-Alcoholic Negroni Gift Set,https://www.woolworths.com.au/shop/productdetails/1073811171/lyre-s-alcohol-free-non-alcoholic-negroni-gift-set,https://www.woolworths.com.au/content/promotiontags/everyday-market-free-shipping-v2.svg,https://assets.woolworths.com.au/images/1005/1073811171.jpg?impolicy=wowsmkqiema&w=260&h=260,$134.95,,, Add to cart , Save to list 
Chai Lords Instant Chai Powder 200g,https://www.woolworths.com.au/shop/productdetails/159938/chai-lords-instant-chai-powder,,https://assets.woolworths.com.au/images/1005/159938.jpg?impolicy=wowsmkqiema&w=260&h=260,$9.00,,$4.50 / 100G, Add to cart , Save to list 
Naked Life Original Betta Bobo Milk Bubble Tea Cans 315ml X4 Pack,https://www.woolworths.com.au/shop/productdetails/222430/naked-life-original-betta-bobo-milk-bubble-tea-cans,,https://assets.woolworths.com.au/images/1005/222430.jpg?impolicy=wowsmkqiema&w=260&h=260,$12.00,,$9.52 / 1L, Add to cart , Save to list 
Moccona Barista Reserve Blonde Roast Instant Coffee 95g,https://www.woolworths.com.au/shop/productdetails/159158/moccona-barista-reserve-blonde-roast-instant-coffee,https://www.woolworths.com.au/content/promotiontags/roundel-special-200x200.png,https://assets.woolworths.com.au/images/1005/159158.jpg?impolicy=wowsmkqiema&w=260&h=260,$8.05,$11.50,$8.47 / 100G, Add to cart , Save to list 
No Ugly Libido 250ml,https://www.woolworths.com.au/shop/productdetails/191519/no-ugly-libido,,https://assets.woolworths.com.au/images/1005/191519.jpg?impolicy=wowsmkqiema&w=260&h=260,$4.50,,$18.00 / 1L, Add to cart , Save to list 
Impressed Sunny Side Up Juice 325ml,https://www.woolworths.com.au/shop/productdetails/501935/impressed-sunny-side-up-juice,https://www.woolworths.com.au/content/promotiontags/roundel-special-200x200.png,https://assets.woolworths.com.au/images/1005/501935.jpg?impolicy=wowsmkqiema&w=260&h=260,$3.10,$3.60,$9.54 / 1L, Add to cart , Save to list 
Buddha Teas Turmeric Ginger Tea 18serve,https://www.woolworths.com.au/shop/productdetails/1073779531/buddha-teas-turmeric-ginger-tea-18serve,,https://assets.woolworths.com.au/images/1005/1073779531.jpg?impolicy=wowsmkqiema&w=260&h=260,$10.00,,$0.56 / 1EA, Add to cart , Save to list 
Coco Coast Passionfruit Coconut Water 500ml x 12 pack,https://www.woolworths.com.au/shop/productdetails/1073927568/coco-coast-passionfruit-coconut-water-500ml-x-12-pack,,https://assets.woolworths.com.au/images/1005/1073927568.jpg?impolicy=wowsmkqiema&w=260&h=260,$44.95,,$7.49 / 1L, Add to cart , Save to list 
Deluxe Gift Hamper,https://www.woolworths.com.au/shop/productdetails/1073935666/deluxe-gift-hamper,https://www.woolworths.com.au/content/promotiontags/everyday-market-free-shipping-v2.svg,https://assets.woolworths.com.au/images/1005/1073935666.jpg?impolicy=wowsmkqiema&w=260&h=260,$260.00,,, Add to cart , Save to list 
Moccona Barista Reserve Cafe Black Instant Coffee 95g,https://www.woolworths.com.au/shop/productdetails/155989/moccona-barista-reserve-cafe-black-instant-coffee,https://www.woolworths.com.au/content/promotiontags/roundel-special-200x200.png,https://assets.woolworths.com.au/images/1005/155989.jpg?impolicy=wowsmkqiema&w=260&h=260,$8.05,$11.50,$8.47 / 100G, Add to cart , Save to list 
Sacred Grounds Groover Blend Coffee Capsules 10 Pack,https://www.woolworths.com.au/shop/productdetails/222873/sacred-grounds-groover-blend-coffee-capsules,https://www.woolworths.com.au/content/promotiontags/roundel-special-200x200.png,https://assets.woolworths.com.au/images/1005/222873.jpg?impolicy=wowsmkqiema&w=260&h=260,$6.80,$8.50,$0.68 / 1EA, Add to cart , Save to list 
Naked Life Non-Alcoholic Yuzu Sake 24 x 250mL Cans,https://www.woolworths.com.au/shop/productdetails/1074020955/naked-life-non-alcoholic-yuzu-sake-24-x-250ml-cans,https://www.woolworths.com.au/content/promotiontags/roundel-special-200x200.png,https://assets.woolworths.com.au/images/1005/1074020955.jpg?impolicy=wowsmkqiema&w=260&h=260,$65.00,$89.95,$65.00 / 1L, Add to cart , Save to list 
Espressotoria Milk Frother Each,https://www.woolworths.com.au/shop/productdetails/685326/espressotoria-milk-frother,,https://assets.woolworths.com.au/images/1005/685326.jpg?impolicy=wowsmkqiema&w=260&h=260,$59.00,,$59.00 / 1EA, Add to cart , Save to list 
Joe's Classics 7 Fruits Juice 350mL x 12 Pack,https://www.woolworths.com.au/shop/productdetails/1073950501/joe-s-classics-7-fruits-juice-350ml-x-12-pack,,https://assets.woolworths.com.au/images/1005/1073950501.jpg?impolicy=wowsmkqiema&w=260&h=260,$35.32,,$0.84 / 100ML, Add to cart , Save to list 
Woolworths Homebrew Bottle Caps Crown Seals 100 Pack,https://www.woolworths.com.au/shop/productdetails/692556/woolworths-homebrew-bottle-caps-crown-seals,,https://assets.woolworths.com.au/images/1005/692556.jpg?impolicy=wowsmkqiema&w=260&h=260,$3.20,,$0.03 / 1EA, Add to cart , Save to list 
No Ugly Skin Juice 250ml,https://www.woolworths.com.au/shop/productdetails/148906/no-ugly-skin-juice,,https://assets.woolworths.com.au/images/1005/148906.jpg?impolicy=wowsmkqiema&w=260&h=260,$4.50,,$18.00 / 1L, Add to cart , Save to list 
Kopparberg Non Alcoholic Strawberry Lime Cider 330ml X4 Pack,https://www.woolworths.com.au/shop/productdetails/73625/kopparberg-non-alcoholic-strawberry-lime-cider,,https://assets.woolworths.com.au/images/1005/73625.jpg?impolicy=wowsmkqiema&w=260&h=260,,,,, Save to list 
Arkadia Caramel Syrup 750ml,https://www.woolworths.com.au/shop/productdetails/1073927526/arkadia-caramel-syrup-750ml,,https://assets.woolworths.com.au/images/1005/1073927526.jpg?impolicy=wowsmkqiema&w=260&h=260,$29.00,,$3.87 / 100ML, Add to cart , Save to list 
Arkadia Hazelnut Syrup 750ml,https://www.woolworths.com.au/shop/productdetails/1073927528/arkadia-hazelnut-syrup-750ml,,https://assets.woolworths.com.au/images/1005/1073927528.jpg?impolicy=wowsmkqiema&w=260&h=260,$29.00,,$3.87 / 100ML, Add to cart , Save to list 
Cadbury Cafe Blend Premium Drinking Chocolate 1.75kg,https://www.woolworths.com.au/shop/productdetails/1073927495/cadbury-cafe-blend-premium-drinking-chocolate-1-75kg,https://www.woolworths.com.au/content/promotiontags/roundel-special-200x200.png,https://assets.woolworths.com.au/images/1005/1073927495.jpg?impolicy=wowsmkqiema&w=260&h=260,$34.20,$38.00,$1.95 / 100G, Add to cart , Save to list 
StrangeLove Citrus Mixed Super Pack No 2 300ml Bottles - 4x4 Pack,https://www.woolworths.com.au/shop/productdetails/1073863270/strangelove-citrus-mixed-super-pack-no-2-300ml-bottles-4x4-pack,https://www.woolworths.com.au/content/promotiontags/everyday-market-free-shipping-v2.svg,https://assets.woolworths.com.au/images/1005/1073863270.jpg?impolicy=wowsmkqiema&w=260&h=260,$50.00,,$6.94 / 1L, Add to cart , Save to list 
Giesen 0% New Zealand Merlot 750ml,https://www.woolworths.com.au/shop/productdetails/194758/giesen-0-new-zealand-merlot,,https://assets.woolworths.com.au/images/1005/194758.jpg?impolicy=wowsmkqiema&w=260&h=260,$18.00,,, Add to cart , Save to list 
Coopers Brew Enhancer No2 1kg,https://www.woolworths.com.au/shop/productdetails/201683/coopers-brew-enhancer-no2,,https://assets.woolworths.com.au/images/1005/201683.jpg?impolicy=wowsmkqiema&w=260&h=260,$10.00,,$10.00 / 1KG, Add to cart , Save to list 
Aloe Mate Aloe Vera Lychee 1.5L x 12 Pack,https://www.woolworths.com.au/shop/productdetails/1073950509/aloe-mate-aloe-vera-lychee-1-5l-x-12-pack,https://www.woolworths.com.au/content/promotiontags/everyday-market-free-shipping-v2.svg,https://assets.woolworths.com.au/images/1005/1073950509.jpg?impolicy=wowsmkqiema&w=260&h=260,$52.45,,$0.29 / 100ML, Add to cart , Save to list 
Arkadia Matcha Green Tea Powder 1KG,https://www.woolworths.com.au/shop/productdetails/1073927517/arkadia-matcha-green-tea-powder-1kg,,https://assets.woolworths.com.au/images/1005/1073927517.jpg?impolicy=wowsmkqiema&w=260&h=260,$32.00,,$3.20 / 100G, Add to cart , Save to list 
ColaCao Spanish Drinking Chocolate 390g,https://www.woolworths.com.au/shop/productdetails/1074114396/colacao-spanish-drinking-chocolate-390g,,https://assets.woolworths.com.au/images/1005/1074114396.jpg?impolicy=wowsmkqiema&w=260&h=260,$9.00,,$2.31 / 100G, Add to cart , Save to list 
Lyre's Dark Cane Non-Alcoholic Spirit - Dark Rum Style | Award Winning | 700ml,https://www.woolworths.com.au/shop/productdetails/1073933228/lyre-s-dark-cane-non-alcoholic-spirit-dark-rum-style-award-winning-700ml,,https://assets.woolworths.com.au/images/1005/1073933228.jpg?impolicy=wowsmkqiema&w=260&h=260,$44.99,,$6.43 / 100ML, Add to cart , Save to list 
Naked Life Non-Alcoholic Wimbledon Spritz 24 x 250ml Cans,https://www.woolworths.com.au/shop/productdetails/1074020956/naked-life-non-alcoholic-wimbledon-spritz-24-x-250ml-cans,https://www.woolworths.com.au/content/promotiontags/roundel-special-200x200.png,https://assets.woolworths.com.au/images/1005/1074020956.jpg?impolicy=wowsmkqiema&w=260&h=260,$65.00,$89.95,$65.00 / 1L, Add to cart , Save to list 
Nongfu Mountain Spring Oriental Leaf Unsweetened Jasmine Tea 500ml x 3Pack,https://www.woolworths.com.au/shop/productdetails/1074046007/nongfu-mountain-spring-oriental-leaf-unsweetened-jasmine-tea-500ml-x-3pack,https://www.woolworths.com.au/content/promotiontags/roundel-special-200x200.png,https://assets.woolworths.com.au/images/1005/1074046007.jpg?impolicy=wowsmkqiema&w=260&h=260,$14.79,$15.99,$4.93 / 1EA, Add to cart , Save to list 
Planet Organic Rooibos 25 Tea Bags x 2pack,https://www.woolworths.com.au/shop/productdetails/1073945891/planet-organic-rooibos-25-tea-bags-x-2pack,https://www.woolworths.com.au/content/promotiontags/roundel-special-200x200.png,https://assets.woolworths.com.au/images/1005/1073945891.jpg?impolicy=wowsmkqiema&w=260&h=260,$8.96,$11.20,$17.92 / 100EA, Add to cart , Save to list 
StrangeLove Hot Ginger Beer 180ml Bottles - 6x4 Pack,https://www.woolworths.com.au/shop/productdetails/1073906947/strangelove-hot-ginger-beer-180ml-bottles-6x4-pack,https://www.woolworths.com.au/content/promotiontags/everyday-market-free-shipping-v2.svg,https://assets.woolworths.com.au/images/1005/1073906947.jpg?impolicy=wowsmkqiema&w=260&h=260,$60.00,,$12.50 / 1L, Add to cart , Save to list 
Naked Life 99% Sugar Free Energise Drinking Chocolate 6 Pack,https://www.woolworths.com.au/shop/productdetails/219265/naked-life-99-sugar-free-energise-drinking-chocolate,,https://assets.woolworths.com.au/images/1005/219265.jpg?impolicy=wowsmkqiema&w=260&h=260,$7.50,,$1.25 / 1EA, Add to cart , Save to list 
Nexba Naturally Sugar Free Kakadu Plum & Finger Lime 4 X330ml,https://www.woolworths.com.au/shop/productdetails/228044/nexba-naturally-sugar-free-kakadu-plum-finger-lime,,https://assets.woolworths.com.au/images/1005/228044.jpg?impolicy=wowsmkqiema&w=260&h=260,$15.00,,$11.36 / 1L, Add to cart , Save to list 
Sacred Grounds Seeker Blend Coffee Capsules 10 Pack,https://www.woolworths.com.au/shop/productdetails/222735/sacred-grounds-seeker-blend-coffee-capsules,https://www.woolworths.com.au/content/promotiontags/roundel-special-200x200.png,https://assets.woolworths.com.au/images/1005/222735.jpg?impolicy=wowsmkqiema&w=260&h=260,$6.80,$8.50,$0.68 / 1EA, Add to cart , Save to list 
Sacred Grounds Single Origin Peru Coffee Capsules 10 Pack,https://www.woolworths.com.au/shop/productdetails/222539/sacred-grounds-single-origin-peru-coffee-capsules,https://www.woolworths.com.au/content/promotiontags/roundel-special-200x200.png,https://assets.woolworths.com.au/images/1005/222539.jpg?impolicy=wowsmkqiema&w=260&h=260,$6.80,$8.50,$0.68 / 1EA, Add to cart , Save to list 
"Gift Pack Lautus Non-Alcoholic Wines 4pk-Moscato Rosé, Savvy White, Savvy Red and Sparkling Rosé 750ml",https://www.woolworths.com.au/shop/productdetails/1073922610/gift-pack-lautus-non-alcoholic-wines-4pk-moscato-ros-savvy-white-savvy-red-and-sparkling-ros-750ml,https://www.woolworths.com.au/content/promotiontags/roundel-special-200x200.png,https://assets.woolworths.com.au/images/1005/1073922610.jpg?impolicy=wowsmkqiema&w=260&h=260,$62.05,$68.95,, Add to cart , Save to list 
Jarritos Lime Lemon 370mL x 24 Pack,https://www.woolworths.com.au/shop/productdetails/1073950492/jarritos-lime-lemon-370ml-x-24-pack,https://www.woolworths.com.au/content/promotiontags/everyday-market-free-shipping-v2.svg,https://assets.woolworths.com.au/images/1005/1073950492.jpg?impolicy=wowsmkqiema&w=260&h=260,$75.96,,$0.86 / 100ML, Add to cart , Save to list 
Oli6 Natural Goat Milk Powder,https://www.woolworths.com.au/shop/productdetails/1073959646/oli6-natural-goat-milk-powder,,https://assets.woolworths.com.au/images/1005/1073959646.jpg?impolicy=wowsmkqiema&w=260&h=260,$34.99,,$3.50 / 100G, Add to cart , Save to list 
Buddha Teas Hibiscus Tea 18serve,https://www.woolworths.com.au/shop/productdetails/1073779528/buddha-teas-hibiscus-tea-18serve,,https://assets.woolworths.com.au/images/1005/1073779528.jpg?impolicy=wowsmkqiema&w=260&h=260,$10.00,,$0.56 / 1EA, Add to cart , Save to list 
"GODIVA Belgian Chocolate Easter A Dozen Speckled Eggs, 120g (2 Pack)",https://www.woolworths.com.au/shop/productdetails/1074164577/godiva-belgian-chocolate-easter-a-dozen-speckled-eggs-120g-2-pack-,https://www.woolworths.com.au/content/promotiontags/roundel-special-200x200.png,https://assets.woolworths.com.au/images/1005/1074164577.jpg?impolicy=wowsmkqiema&w=260&h=260,$38.20,,$15.92 / 100G, Add to cart , Save to list 
Genki Forest Sparkling Water Cirtrus Flavour 330ml*6pcs X 2Pack,https://www.woolworths.com.au/shop/productdetails/1074000737/genki-forest-sparkling-water-cirtrus-flavour-330ml-6pcs-x-2pack,,https://assets.woolworths.com.au/images/1005/1074000737.jpg?impolicy=wowsmkqiema&w=260&h=260,$27.99,,$14.00 / 1EA, Add to cart , Save to list 
"Gift Pack Trio Non-Alcoholic Lautus Wines - Savvy Red, Moscato Rosé & Merlot 750ml",https://www.woolworths.com.au/shop/productdetails/1073841252/gift-pack-trio-non-alcoholic-lautus-wines-savvy-red-moscato-ros-merlot-750ml,https://www.woolworths.com.au/content/promotiontags/roundel-special-200x200.png,https://assets.woolworths.com.au/images/1005/1073841252.jpg?impolicy=wowsmkqiema&w=260&h=260,$44.95,$49.95,, Add to cart , Save to list 
Lyre's Orange Sec Non-Alcoholic Spirit - Triple Sec Style | Award Winning | 700ml,https://www.woolworths.com.au/shop/productdetails/1073933359/lyre-s-orange-sec-non-alcoholic-spirit-triple-sec-style-award-winning-700ml,,https://assets.woolworths.com.au/images/1005/1073933359.jpg?impolicy=wowsmkqiema&w=260&h=260,$44.99,,$6.43 / 100ML, Add to cart , Save to list 
Lyres Agave Blanco Spirit 700mL - Tequila Style | 700mL,https://www.woolworths.com.au/shop/productdetails/1073933232/lyres-agave-blanco-spirit-700ml-tequila-style-700ml,,https://assets.woolworths.com.au/images/1005/1073933232.jpg?impolicy=wowsmkqiema&w=260&h=260,$44.99,,$6.43 / 100ML, Add to cart , Save to list 
Ministry Of Tea Herbal Tea Bags Rooibos Pure & Simple 20S x 2pack,https://www.woolworths.com.au/shop/productdetails/1073945911/ministry-of-tea-herbal-tea-bags-rooibos-pure-simple-20s-x-2pack,,https://assets.woolworths.com.au/images/1005/1073945911.jpg?impolicy=wowsmkqiema&w=260&h=260,$15.90,,$0.40 / 1EA, Add to cart , Save to list 
MirMir Organics Certified Organic Lemongrass Ginger Tea Pyramid Tea Bags 40gm x 2 packs,https://www.woolworths.com.au/shop/productdetails/1074002185/mirmir-organics-certified-organic-lemongrass-ginger-tea-pyramid-tea-bags-40gm-x-2-packs,https://www.woolworths.com.au/content/promotiontags/roundel-special-200x200.png,https://assets.woolworths.com.au/images/1005/1074002185.jpg?impolicy=wowsmkqiema&w=260&h=260,$21.50,$23.50,$53.75 / 100G, Add to cart , Save to list 
Musashi Energy Drink Green Apple Box 12 x 500ml,https://www.woolworths.com.au/shop/productdetails/1073992813/musashi-energy-drink-green-apple-box-12-x-500ml,https://www.woolworths.com.au/content/promotiontags/roundel-special-200x200.png,https://assets.woolworths.com.au/images/1005/1073992813.jpg?impolicy=wowsmkqiema&w=260&h=260,$64.80,,$129.60 / 1L, Add to cart , Save to list 
Philips Soda Maker Starter Kit: Black - ADD4904BK/79,https://www.woolworths.com.au/shop/productdetails/1074014345/philips-soda-maker-starter-kit-black-add4904bk-79,https://www.woolworths.com.au/content/promotiontags/everyday-market-free-shipping-v2.svg,https://assets.woolworths.com.au/images/1005/1074014345.jpg?impolicy=wowsmkqiema&w=260&h=260,$119.00,,$119.00 / 1EA, Add to cart , Save to list 
Pukka Herbs Womankind Tea Bags 2x20packs,https://www.woolworths.com.au/shop/productdetails/1073959596/pukka-herbs-womankind-tea-bags-2x20packs,,https://assets.woolworths.com.au/images/1005/1073959596.jpg?impolicy=wowsmkqiema&w=260&h=260,$17.50,,$0.44 / 1EA, Add to cart , Save to list 
Tasmanian Lark Distillery Classic Christmas Single Malt Whiskey Twin Gift Pack Hamper,https://www.woolworths.com.au/shop/productdetails/1073968184/tasmanian-lark-distillery-classic-christmas-single-malt-whiskey-twin-gift-pack-hamper,https://www.woolworths.com.au/content/promotiontags/everyday-market-free-shipping-v2.svg,https://assets.woolworths.com.au/images/1005/1073968184.jpg?impolicy=wowsmkqiema&w=260&h=260,$130.00,,, Add to cart , Save to list 
Fanta What The Fanta No Sugar 600ml,https://www.woolworths.com.au/shop/productdetails/246672/fanta-what-the-fanta-no-sugar,,https://assets.woolworths.com.au/images/1005/246672.jpg?impolicy=wowsmkqiema&w=260&h=260,,,,, Save to list 
Coopers Home Brew Draught 1.7kg,https://www.woolworths.com.au/shop/productdetails/16752/coopers-home-brew-draught,,https://assets.woolworths.com.au/images/1005/16752.jpg?impolicy=wowsmkqiema&w=260&h=260,$17.00,,$10.00 / 1KG, Add to cart , Save to list 
Amazonia Raw Wholefood Extracts Vitamin C+ Passionfruit 120g,https://www.woolworths.com.au/shop/productdetails/1073846525/amazonia-raw-wholefood-extracts-vitamin-c-passionfruit-120g,,https://assets.woolworths.com.au/images/1005/1073846525.jpg?impolicy=wowsmkqiema&w=260&h=260,$35.95,,$29.96 / 100G, Add to cart , Save to list 
"Evian Sparkling Mineral Water, 12 x 750ml Glass Bottles",https://www.woolworths.com.au/shop/productdetails/1074165742/evian-sparkling-mineral-water-12-x-750ml-glass-bottles,https://www.woolworths.com.au/content/promotiontags/everyday-market-free-shipping-v2.svg,https://assets.woolworths.com.au/images/1005/1074165742.jpg?impolicy=wowsmkqiema&w=260&h=260,$50.00,,$5.56 / 1L, Add to cart , Save to list 
Joe's Classics Green Smoothie 350mL x 12 Pack,https://www.woolworths.com.au/shop/productdetails/1073950511/joe-s-classics-green-smoothie-350ml-x-12-pack,,https://assets.woolworths.com.au/images/1005/1073950511.jpg?impolicy=wowsmkqiema&w=260&h=260,$35.32,,$0.84 / 100ML, Add to cart , Save to list 
Philips Soda Maker Starter Kit: White - ADD4904WH/79,https://www.woolworths.com.au/shop/productdetails/1074014361/philips-soda-maker-starter-kit-white-add4904wh-79,https://www.woolworths.com.au/content/promotiontags/everyday-market-free-shipping-v2.svg,https://assets.woolworths.com.au/images/1005/1074014361.jpg?impolicy=wowsmkqiema&w=260&h=260,$119.00,,$119.00 / 1EA, Add to cart , Save to list 
﻿Pukka Herbs Gorgeous Earl Grey Tea Bags 2x20packs,https://www.woolworths.com.au/shop/productdetails/1073959647/pukka-herbs-gorgeous-earl-grey-tea-bags-2x20packs,,https://assets.woolworths.com.au/images/1005/1073959647.jpg?impolicy=wowsmkqiema&w=260&h=260,$17.50,,$0.44 / 1EA, Add to cart , Save to list 
Sidewinder XPA No Alc Beer Mixed Pack 16 X 355ML Cans,https://www.woolworths.com.au/shop/productdetails/1073949128/sidewinder-xpa-no-alc-beer-mixed-pack-16-x-355ml-cans,https://www.woolworths.com.au/content/promotiontags/roundel-special-200x200.png,https://assets.woolworths.com.au/images/1005/1073949128.jpg?impolicy=wowsmkqiema&w=260&h=260,$35.00,$40.00,$0.62 / 100ML, Add to cart , Save to list 
Soda Press Kombucha Concentrate Passionfruit & Mandarin Organic 500ml,https://www.woolworths.com.au/shop/productdetails/1073840865/soda-press-kombucha-concentrate-passionfruit-mandarin-organic-500ml,,https://assets.woolworths.com.au/images/1005/1073840865.jpg?impolicy=wowsmkqiema&w=260&h=260,$10.95,,$2.19 / 100ML, Add to cart , Save to list 
Nort Refreshing Ale Bottles 330ml X24 Case,https://www.woolworths.com.au/shop/productdetails/997715/modus-operandi-nort-refreshing-ale-bottles,,https://assets.woolworths.com.au/images/1005/997715.jpg?impolicy=wowsmkqiema&w=260&h=260,$48.00,,$6.06 / 1L, Add to cart , Save to list 
Woolworths Ground Coffee Espresso 250g,https://www.woolworths.com.au/shop/productdetails/247957/woolworths-ground-coffee-espresso,,https://assets.woolworths.com.au/images/1005/247957.jpg?impolicy=wowsmkqiema&w=260&h=260,,,,, Save to list 
"Nexba Sugar Free Strawberry, Basil & Rosella Blossom 4 X330ml",https://www.woolworths.com.au/shop/productdetails/227391/nexba-sugar-free-strawberry-basil-rosella-blossom,,https://assets.woolworths.com.au/images/1005/227391.jpg?impolicy=wowsmkqiema&w=260&h=260,$15.00,,$11.36 / 1L, Add to cart , Save to list 
Espressotoria Piccolo Coffee Machine Each,https://www.woolworths.com.au/shop/productdetails/86640/espressotoria-piccolo-coffee-machine,https://www.woolworths.com.au/content/promotiontags/roundel-special-200x200.png,https://assets.woolworths.com.au/images/1005/86640.jpg?impolicy=wowsmkqiema&w=260&h=260,$69.00,$99.00,$69.00 / 1EA, Add to cart , Save to list 
Arkadia Peach Syrup 750ml,https://www.woolworths.com.au/shop/productdetails/1073927445/arkadia-peach-syrup-750ml,,https://assets.woolworths.com.au/images/1005/1073927445.jpg?impolicy=wowsmkqiema&w=260&h=260,$29.00,,$3.87 / 100ML, Add to cart , Save to list 
Coffee Hero Turkish Delight whole beans 500g,https://www.woolworths.com.au/shop/productdetails/1074024203/coffee-hero-turkish-delight-whole-beans-500g,,https://assets.woolworths.com.au/images/1005/1074024203.jpg?impolicy=wowsmkqiema&w=260&h=260,$29.99,,$6.00 / 100G, Add to cart , Save to list 
Famous Soda Co Blood Orange Soda 12 Pack x 330ml Cans,https://www.woolworths.com.au/shop/productdetails/1073903012/famous-soda-co-blood-orange-soda-12-pack-x-330ml-cans,https://www.woolworths.com.au/content/promotiontags/roundel-special-200x200.png,https://assets.woolworths.com.au/images/1005/1073903012.jpg?impolicy=wowsmkqiema&w=260&h=260,$31.99,$36.99,$8.08 / 1L, Add to cart , Save to list 
Happy Way Charge Up Pineapple 300g,https://www.woolworths.com.au/shop/productdetails/1073797682/happy-way-charge-up-pineapple-300g,https://www.woolworths.com.au/content/promotiontags/roundel-special-200x200.png,https://assets.woolworths.com.au/images/1005/1073797682.jpg?impolicy=wowsmkqiema&w=260&h=260,$58.36,$72.95,$19.45 / 100G, Add to cart , Save to list 
Illy Classico Coffee Beans 250g 6PK,https://www.woolworths.com.au/shop/productdetails/1073908328/illy-classico-coffee-beans-250g-6pk,https://www.woolworths.com.au/content/promotiontags/roundel-special-200x200.png,https://assets.woolworths.com.au/images/1005/1073908328.jpg?impolicy=wowsmkqiema&w=260&h=260,$67.15,$79.00,$11.19 / 1EA, Add to cart , Save to list 
Jarritos Mexican Cola 370mL x 24 Pack,https://www.woolworths.com.au/shop/productdetails/1073950518/jarritos-mexican-cola-370ml-x-24-pack,https://www.woolworths.com.au/content/promotiontags/everyday-market-free-shipping-v2.svg,https://assets.woolworths.com.au/images/1005/1073950518.jpg?impolicy=wowsmkqiema&w=260&h=260,$75.96,,$0.86 / 100ML, Add to cart , Save to list 
Australia's Own Lower Cholesterol Milk 1l,https://www.woolworths.com.au/shop/productdetails/276707/australia-s-own-lower-cholesterol-milk,,https://assets.woolworths.com.au/images/1005/276707.jpg?impolicy=wowsmkqiema&w=260&h=260,$2.90,,$2.90 / 1L, Add to cart , Save to list 
Sacred Grounds Single Origin Honduras Coffee Capsules 10 Pack,https://www.woolworths.com.au/shop/productdetails/222903/sacred-grounds-single-origin-honduras-coffee-capsules,https://www.woolworths.com.au/content/promotiontags/roundel-special-200x200.png,https://assets.woolworths.com.au/images/1005/222903.jpg?impolicy=wowsmkqiema&w=260&h=260,$6.80,$8.50,$0.68 / 1EA, Add to cart , Save to list 
Giesen 0% New Zealand Pinot Gris 750ml,https://www.woolworths.com.au/shop/productdetails/182456/giesen-0-new-zealand-pinot-gris,,https://assets.woolworths.com.au/images/1005/182456.jpg?impolicy=wowsmkqiema&w=260&h=260,$18.00,,, Add to cart , Save to list 
Naked Life Non Alcoholic Australian Cane Spirit & Cola 250ml X4 Pack,https://www.woolworths.com.au/shop/productdetails/178970/naked-life-non-alcoholic-australian-cane-spirit-cola,https://www.woolworths.com.au/content/promotiontags/roundel-special-200x200.png,https://assets.woolworths.com.au/images/1005/178970.jpg?impolicy=wowsmkqiema&w=260&h=260,$12.00,$15.00,$12.00 / 1L, Add to cart , Save to list 
Boundless Detox Hydrogen Water 24 Pack,https://www.woolworths.com.au/shop/productdetails/1074052993/boundless-detox-hydrogen-water-24-pack,https://www.woolworths.com.au/content/promotiontags/everyday-market-free-shipping-v2.svg,https://assets.woolworths.com.au/images/1005/1074052993.jpg?impolicy=wowsmkqiema&w=260&h=260,$72.00,,$3.00 / 1EA, Add to cart , Save to list 
Famous Soda Co Blood Orange Soda 12 Pack x 330ml Bottle,https://www.woolworths.com.au/shop/productdetails/1073903004/famous-soda-co-blood-orange-soda-12-pack-x-330ml-bottle,,https://assets.woolworths.com.au/images/1005/1073903004.jpg?impolicy=wowsmkqiema&w=260&h=260,$46.99,,$11.87 / 1L, Add to cart , Save to list 
Famous Soda Co Pink Lemonade 24 Pack x 250ml,https://www.woolworths.com.au/shop/productdetails/1073903221/famous-soda-co-pink-lemonade-24-pack-x-250ml,https://www.woolworths.com.au/content/promotiontags/everyday-market-free-shipping-v2.svg,https://assets.woolworths.com.au/images/1005/1073903221.jpg?impolicy=wowsmkqiema&w=260&h=260,$54.99,,$9.17 / 1L, Add to cart , Save to list 
Illy Intenso Coffee Beans 250g 3PK,https://www.woolworths.com.au/shop/productdetails/1073908326/illy-intenso-coffee-beans-250g-3pk,https://www.woolworths.com.au/content/promotiontags/roundel-special-200x200.png,https://assets.woolworths.com.au/images/1005/1073908326.jpg?impolicy=wowsmkqiema&w=260&h=260,$39.95,$47.00,$13.32 / 1EA, Add to cart , Save to list 
Joe's Classics Pineapple Juice 350mL x 12 Pack,https://www.woolworths.com.au/shop/productdetails/1073950520/joe-s-classics-pineapple-juice-350ml-x-12-pack,,https://assets.woolworths.com.au/images/1005/1073950520.jpg?impolicy=wowsmkqiema&w=260&h=260,$35.32,,$0.84 / 100ML, Add to cart , Save to list 
Kool Aid Sugar Cherry Flavoured Drink Mix Tub Instant Powder 2PK 538g,https://www.woolworths.com.au/shop/productdetails/1074051260/kool-aid-sugar-cherry-flavoured-drink-mix-tub-instant-powder-2pk-538g,https://www.woolworths.com.au/content/promotiontags/roundel-special-200x200.png,https://assets.woolworths.com.au/images/1005/1074051260.jpg?impolicy=wowsmkqiema&w=260&h=260,$27.20,$32.00,$13.60 / 1EA, Add to cart , Save to list 
Naked Life Non-Alcoholic Margarita 24 x 250ml Cans,https://www.woolworths.com.au/shop/productdetails/1074020954/naked-life-non-alcoholic-margarita-24-x-250ml-cans,https://www.woolworths.com.au/content/promotiontags/roundel-special-200x200.png,https://assets.woolworths.com.au/images/1005/1074020954.jpg?impolicy=wowsmkqiema&w=260&h=260,$65.00,$89.95,$65.00 / 1L, Add to cart , Save to list 
Planet Organic Throat Calm 25 Tea Bags x 2pack,https://www.woolworths.com.au/shop/productdetails/1073945899/planet-organic-throat-calm-25-tea-bags-x-2pack,https://www.woolworths.com.au/content/promotiontags/roundel-special-200x200.png,https://assets.woolworths.com.au/images/1005/1073945899.jpg?impolicy=wowsmkqiema&w=260&h=260,$10.24,$12.80,$20.48 / 100EA, Add to cart , Save to list 
Pukka Herbs Licorice & Cinnamon Tea Bags 2x20packs,https://www.woolworths.com.au/shop/productdetails/1073959583/pukka-herbs-licorice-cinnamon-tea-bags-2x20packs,,https://assets.woolworths.com.au/images/1005/1073959583.jpg?impolicy=wowsmkqiema&w=260&h=260,$17.50,,$0.44 / 1EA, Add to cart , Save to list 
Pure Product Australia Meal Replacement Shake Vanilla 1000g,https://www.woolworths.com.au/shop/productdetails/1073797669/pure-product-australia-meal-replacement-shake-vanilla-1000g,,https://assets.woolworths.com.au/images/1005/1073797669.jpg?impolicy=wowsmkqiema&w=260&h=260,$39.95,,$4.00 / 100G, Add to cart , Save to list 
Sangaria Ramune Bottle Melon Flavour 500ml X 5Pack,https://www.woolworths.com.au/shop/productdetails/1074114310/sangaria-ramune-bottle-melon-flavour-500ml-x-5pack,https://www.woolworths.com.au/content/promotiontags/roundel-special-200x200.png,https://assets.woolworths.com.au/images/1005/1074114310.jpg?impolicy=wowsmkqiema&w=260&h=260,$19.99,$20.99,$4.00 / 1EA, Add to cart , Save to list 
Tea Gardens Kombucha 350ml Mixed Box x 48,https://www.woolworths.com.au/shop/productdetails/1073961552/tea-gardens-kombucha-350ml-mixed-box-x-48,https://www.woolworths.com.au/content/promotiontags/roundel-special-200x200.png,https://assets.woolworths.com.au/images/1005/1073961552.jpg?impolicy=wowsmkqiema&w=260&h=260,$62.91,$69.90,$3.74 / 1L, Add to cart , Save to list 
Tea Gardens Kombucha Mixed Flavours 800ml,https://www.woolworths.com.au/shop/productdetails/1073961571/tea-gardens-kombucha-mixed-flavours-800ml,https://www.woolworths.com.au/content/promotiontags/roundel-special-200x200.png,https://assets.woolworths.com.au/images/1005/1073961571.jpg?impolicy=wowsmkqiema&w=260&h=260,$62.64,$69.60,$3.26 / 1L, Add to cart , Save to list 
Whittard of Chelsea The Tea Discovery Collection Gift Set 400g,https://www.woolworths.com.au/shop/productdetails/1073874753/whittard-of-chelsea-the-tea-discovery-collection-gift-set-400g,https://www.woolworths.com.au/content/promotiontags/everyday-market-free-shipping-v2.svg,https://assets.woolworths.com.au/images/1005/1073874753.jpg?impolicy=wowsmkqiema&w=260&h=260,$72.95,,, Add to cart , Save to list 
Zoetic Peppermint Organic & Fairtrade 25 Tea Bags x 2packs,https://www.woolworths.com.au/shop/productdetails/1073945887/zoetic-peppermint-organic-fairtrade-25-tea-bags-x-2packs,,https://assets.woolworths.com.au/images/1005/1073945887.jpg?impolicy=wowsmkqiema&w=260&h=260,$10.00,,$20.00 / 100EA, Add to cart , Save to list 
Arkadia Turmeric Latte Powder 2PK 500g,https://www.woolworths.com.au/shop/productdetails/1073927521/arkadia-turmeric-latte-powder-2pk-500g,,https://assets.woolworths.com.au/images/1005/1073927521.jpg?impolicy=wowsmkqiema&w=260&h=260,$39.00,,$19.50 / 1EA, Add to cart , Save to list 
Buddha Teas Sleepy Temple Blend 18serve,https://www.woolworths.com.au/shop/productdetails/1073779530/buddha-teas-sleepy-temple-blend-18serve,,https://assets.woolworths.com.au/images/1005/1073779530.jpg?impolicy=wowsmkqiema&w=260&h=260,$10.00,,$0.56 / 1EA, Add to cart , Save to list 
Famous Soda Co Passionfruit Soda 12 Pack x 250ml Cans,https://www.woolworths.com.au/shop/productdetails/1073903013/famous-soda-co-passionfruit-soda-12-pack-x-250ml-cans,https://www.woolworths.com.au/content/promotiontags/roundel-special-200x200.png,https://assets.woolworths.com.au/images/1005/1073903013.jpg?impolicy=wowsmkqiema&w=260&h=260,$26.99,$32.99,$9.00 / 1L, Add to cart , Save to list 
Foodies Gourmet Food St Hugo White & Red Wine Chocolate Nuts & Cracker Gift Valentine's Day Hamper,https://www.woolworths.com.au/shop/productdetails/1073961529/foodies-gourmet-food-st-hugo-white-red-wine-chocolate-nuts-cracker-gift-valentine-s-day-hamper,https://www.woolworths.com.au/content/promotiontags/everyday-market-free-shipping-v2.svg,https://assets.woolworths.com.au/images/1005/1073961529.jpg?impolicy=wowsmkqiema&w=260&h=260,$249.95,,, Add to cart , Save to list 
Genki Forest Sparkling Water Cucumber Twist Flavour 330ml*6pcs X 2Pack,https://www.woolworths.com.au/shop/productdetails/1074000735/genki-forest-sparkling-water-cucumber-twist-flavour-330ml-6pcs-x-2pack,,https://assets.woolworths.com.au/images/1005/1074000735.jpg?impolicy=wowsmkqiema&w=260&h=260,$27.99,,$14.00 / 1EA, Add to cart , Save to list 
Happy Way Charge Up Green Apple 300g,https://www.woolworths.com.au/shop/productdetails/1073797680/happy-way-charge-up-green-apple-300g,https://www.woolworths.com.au/content/promotiontags/roundel-special-200x200.png,https://assets.woolworths.com.au/images/1005/1073797680.jpg?impolicy=wowsmkqiema&w=260&h=260,$58.36,$72.95,$19.45 / 100G, Add to cart , Save to list 
Illy Classico Coffee Beans 3kg,https://www.woolworths.com.au/shop/productdetails/1073908309/illy-classico-coffee-beans-3kg,https://www.woolworths.com.au/content/promotiontags/roundel-special-200x200.png,https://assets.woolworths.com.au/images/1005/1073908309.jpg?impolicy=wowsmkqiema&w=260&h=260,$135.15,$159.00,$4.51 / 100G, Add to cart , Save to list 
Joe's Classics Apple & Blackcurrant 350mL x 12 Pack,https://www.woolworths.com.au/shop/productdetails/1073950510/joe-s-classics-apple-blackcurrant-350ml-x-12-pack,,https://assets.woolworths.com.au/images/1005/1073950510.jpg?impolicy=wowsmkqiema&w=260&h=260,$35.32,,$0.84 / 100ML, Add to cart , Save to list 
Koda Berry Banana Gel Box 24pack,https://www.woolworths.com.au/shop/productdetails/1073963415/koda-berry-banana-gel-box-24pack,https://www.woolworths.com.au/content/promotiontags/roundel-special-200x200.png,https://assets.woolworths.com.au/images/1005/1073963415.jpg?impolicy=wowsmkqiema&w=260&h=260,$47.00,$59.00,$1.96 / 1EA, Add to cart , Save to list 
Philips 1L Carbonating Bottle Stainless Steel Base - 2 Pack (ADD916/79),https://www.woolworths.com.au/shop/productdetails/1074014369/philips-1l-carbonating-bottle-stainless-steel-base-2-pack-add916-79-,,https://assets.woolworths.com.au/images/1005/1074014369.jpg?impolicy=wowsmkqiema&w=260&h=260,$29.95,,$29.95 / 1EA, Add to cart , Save to list 
Philips 1L Stainless Steel Carbonating Bottle,https://www.woolworths.com.au/shop/productdetails/1074014366/philips-1l-stainless-steel-carbonating-bottle,https://www.woolworths.com.au/content/promotiontags/roundel-special-200x200.png,https://assets.woolworths.com.au/images/1005/1074014366.jpg?impolicy=wowsmkqiema&w=260&h=260,$30.00,$44.00,$30.00 / 1EA, Add to cart , Save to list 
Primo Caffe Coffee Espresso Hermetic Capsules 2PK - 50pc,https://www.woolworths.com.au/shop/productdetails/1073908299/primo-caffe-coffee-espresso-hermetic-capsules-2pk-50pc,,https://assets.woolworths.com.au/images/1005/1073908299.jpg?impolicy=wowsmkqiema&w=260&h=260,$35.00,,$0.35 / 1EA, Add to cart , Save to list 
Pukka Herbs ChamomileVanilla Manuka Honey Tea 2x20packs,https://www.woolworths.com.au/shop/productdetails/1073959574/pukka-herbs-chamomilevanilla-manuka-honey-tea-2x20packs,,https://assets.woolworths.com.au/images/1005/1073959574.jpg?impolicy=wowsmkqiema&w=260&h=260,$17.50,,$0.44 / 1EA, Add to cart , Save to list 
Pukka Herbs Elegant English Breakfast Tea Bag 2x20packs,https://www.woolworths.com.au/shop/productdetails/1073959578/pukka-herbs-elegant-english-breakfast-tea-bag-2x20packs,,https://assets.woolworths.com.au/images/1005/1073959578.jpg?impolicy=wowsmkqiema&w=260&h=260,$17.50,,$0.44 / 1EA, Add to cart , Save to list 
Pukka Herbs Three Cinnamon Tea Bags 2x20packs,https://www.woolworths.com.au/shop/productdetails/1073959589/pukka-herbs-three-cinnamon-tea-bags-2x20packs,,https://assets.woolworths.com.au/images/1005/1073959589.jpg?impolicy=wowsmkqiema&w=260&h=260,$17.50,,$0.44 / 1EA, Add to cart , Save to list 
Seven Miles - Dark Roast Premium Specialty Coffee Pods - Box of 60 Capsules,https://www.woolworths.com.au/shop/productdetails/1073918591/seven-miles-dark-roast-premium-specialty-coffee-pods-box-of-60-capsules,https://www.woolworths.com.au/content/promotiontags/everyday-market-free-shipping-v2.svg,https://assets.woolworths.com.au/images/1005/1073918591.jpg?impolicy=wowsmkqiema&w=260&h=260,$50.00,,, Add to cart , Save to list 
Sidewinder Lime XPA No Alc Beer 16 x 355ML Cans,https://www.woolworths.com.au/shop/productdetails/1073949096/sidewinder-lime-xpa-no-alc-beer-16-x-355ml-cans,https://www.woolworths.com.au/content/promotiontags/roundel-special-200x200.png,https://assets.woolworths.com.au/images/1005/1073949096.jpg?impolicy=wowsmkqiema&w=260&h=260,$35.00,$40.00,$0.62 / 100ML, Add to cart , Save to list 
Starbucks Multipack House Blend Lungo Medium Roast Coffee Pods Capsules x 120,https://www.woolworths.com.au/shop/productdetails/1074044215/starbucks-multipack-house-blend-lungo-medium-roast-coffee-pods-capsules-x-120,https://www.woolworths.com.au/content/promotiontags/everyday-market-free-shipping-v2.svg,https://assets.woolworths.com.au/images/1005/1074044215.jpg?impolicy=wowsmkqiema&w=260&h=260,$109.20,,$91.00 / 100EA, Add to cart , Save to list 
StrangeLove Citrus Mixed Super Pack No 1 300ml Bottles - 4x4 Pack,https://www.woolworths.com.au/shop/productdetails/1073863277/strangelove-citrus-mixed-super-pack-no-1-300ml-bottles-4x4-pack,,https://assets.woolworths.com.au/images/1005/1073863277.jpg?impolicy=wowsmkqiema&w=260&h=260,$40.00,,$8.33 / 1L, Add to cart , Save to list 
Tea Gardens Sparkling Apple Cider Vinegar Apple 350ml,https://www.woolworths.com.au/shop/productdetails/1073972004/tea-gardens-sparkling-apple-cider-vinegar-apple-350ml,,https://assets.woolworths.com.au/images/1005/1073972004.jpg?impolicy=wowsmkqiema&w=260&h=260,$29.90,,$7.12 / 1L, Add to cart , Save to list 
Xinyuanzhai sour plum soup 300ml * 12 bottles,https://www.woolworths.com.au/shop/productdetails/1073962777/xinyuanzhai-sour-plum-soup-300ml-12-bottles,,https://assets.woolworths.com.au/images/1005/1073962777.jpg?impolicy=wowsmkqiema&w=260&h=260,$28.99,,$8.05 / 1L, Add to cart , Save to list 
Woolworths Home Brew Draught 1.7kg,https://www.woolworths.com.au/shop/productdetails/74631/woolworths-home-brew-draught,,https://assets.woolworths.com.au/images/1005/74631.jpg?impolicy=wowsmkqiema&w=260&h=260,$11.00,,$6.47 / 1KG, Add to cart , Save to list 
The Hills Cider Company Virgin Apple Cider 330ml,https://www.woolworths.com.au/shop/productdetails/660376/the-hills-cider-company-virgin-apple-cider,,https://assets.woolworths.com.au/images/1005/660376.jpg?impolicy=wowsmkqiema&w=260&h=260,$16.50,,$50.00 / 1L, Add to cart , Save to list 
Athletic Brewing Co Upside Dawn Golden Non Alcoholic Cans 355ml X6 Pack,https://www.woolworths.com.au/shop/productdetails/993040/athletic-brewing-co-upside-dawn-golden-non-alcoholic-cans,,https://assets.woolworths.com.au/images/1005/993040.jpg?impolicy=wowsmkqiema&w=260&h=260,$20.00,,$9.39 / 1L, Add to cart , Save to list 
Boundless Kids Hydrogen Water 24 Pack,https://www.woolworths.com.au/shop/productdetails/1074114349/boundless-kids-hydrogen-water-24-pack,https://www.woolworths.com.au/content/promotiontags/everyday-market-free-shipping-v2.svg,https://assets.woolworths.com.au/images/1005/1074114349.jpg?impolicy=wowsmkqiema&w=260&h=260,$72.00,,$3.00 / 1EA, Add to cart , Save to list 
Boundless Sport Hydrogen Water 24 Pack,https://www.woolworths.com.au/shop/productdetails/1074052994/boundless-sport-hydrogen-water-24-pack,https://www.woolworths.com.au/content/promotiontags/everyday-market-free-shipping-v2.svg,https://assets.woolworths.com.au/images/1005/1074052994.jpg?impolicy=wowsmkqiema&w=260&h=260,$72.00,,$3.00 / 1EA, Add to cart , Save to list 
Famous Soda Co Passionfruit Soda 24 Pack x 250ml Cans,https://www.woolworths.com.au/shop/productdetails/1073903220/famous-soda-co-passionfruit-soda-24-pack-x-250ml-cans,https://www.woolworths.com.au/content/promotiontags/roundel-special-200x200.png,https://assets.woolworths.com.au/images/1005/1073903220.jpg?impolicy=wowsmkqiema&w=260&h=260,$46.75,$54.99,$7.79 / 1L, Add to cart , Save to list 
Genki Forest Sparking Soda Water Green Apple Flavor 480ml x 12Bottle,https://www.woolworths.com.au/shop/productdetails/1073983163/genki-forest-sparking-soda-water-green-apple-flavor-480ml-x-12bottle,,https://assets.woolworths.com.au/images/1005/1073983163.jpg?impolicy=wowsmkqiema&w=260&h=260,$30.99,,$10.76 / 1L, Add to cart , Save to list 
"Gift Pack Trio Almost Zero Wines, Radiant Red, Ravishing Rosé and Wonderful White 0% Wine 750ml",https://www.woolworths.com.au/shop/productdetails/1073841260/gift-pack-trio-almost-zero-wines-radiant-red-ravishing-ros-and-wonderful-white-0-wine-750ml,https://www.woolworths.com.au/content/promotiontags/roundel-special-200x200.png,https://assets.woolworths.com.au/images/1005/1073841260.jpg?impolicy=wowsmkqiema&w=260&h=260,$53.95,$59.85,, Add to cart , Save to list 
Golden Wattle Rose Chai Loose Leaf Tea 100g,https://www.woolworths.com.au/shop/productdetails/1073865598/golden-wattle-rose-chai-loose-leaf-tea-100g,https://www.woolworths.com.au/content/promotiontags/roundel-special-200x200.png,https://assets.woolworths.com.au/images/1005/1073865598.jpg?impolicy=wowsmkqiema&w=260&h=260,$12.87,$19.80,$12.87 / 100G, Add to cart , Save to list 
Illy Intenso iperEspresso Coffee Capsules 140g 21pc,https://www.woolworths.com.au/shop/productdetails/1073908212/illy-intenso-iperespresso-coffee-capsules-140g-21pc,https://www.woolworths.com.au/content/promotiontags/roundel-special-200x200.png,https://assets.woolworths.com.au/images/1005/1073908212.jpg?impolicy=wowsmkqiema&w=260&h=260,$25.50,$30.00,$1.21 / 1EA, Add to cart , Save to list 
Jomeis Fine Foods Turmeric Latte Duo Pack - 240g,https://www.woolworths.com.au/shop/productdetails/1074001253/jomeis-fine-foods-turmeric-latte-duo-pack-240g,https://www.woolworths.com.au/content/promotiontags/roundel-special-200x200.png,https://assets.woolworths.com.au/images/1005/1074001253.jpg?impolicy=wowsmkqiema&w=260&h=260,$24.95,,$10.40 / 100G, Add to cart , Save to list 
Kedem Concord Grape Juice 946Ml x 2,https://www.woolworths.com.au/shop/productdetails/1074032753/kedem-concord-grape-juice-946ml-x-2,,https://assets.woolworths.com.au/images/1005/1074032753.jpg?impolicy=wowsmkqiema&w=260&h=260,$34.20,,$17.10 / 1EA, Add to cart , Save to list 
Lyres Agave Reserva Spirit - Tequila Style | 700mL,https://www.woolworths.com.au/shop/productdetails/1073933233/lyres-agave-reserva-spirit-tequila-style-700ml,,https://assets.woolworths.com.au/images/1005/1073933233.jpg?impolicy=wowsmkqiema&w=260&h=260,$44.99,,$6.43 / 100ML, Add to cart , Save to list 
Naked Life Non-Alcoholic Cosmo 24 x 250ml Cans,https://www.woolworths.com.au/shop/productdetails/1074020974/naked-life-non-alcoholic-cosmo-24-x-250ml-cans,https://www.woolworths.com.au/content/promotiontags/roundel-special-200x200.png,https://assets.woolworths.com.au/images/1005/1074020974.jpg?impolicy=wowsmkqiema&w=260&h=260,$65.00,$89.95,$65.00 / 1L, Add to cart , Save to list 
Naked Life Non-Alcoholic Negroni Spritz 24 x 250ml Cans,https://www.woolworths.com.au/shop/productdetails/1074020958/naked-life-non-alcoholic-negroni-spritz-24-x-250ml-cans,,https://assets.woolworths.com.au/images/1005/1074020958.jpg?impolicy=wowsmkqiema&w=260&h=260,,,,, Save to list 
Premium Sauvignon Blanc & Nibbles Gift Valentine's Day Hamper,https://www.woolworths.com.au/shop/productdetails/1073961517/premium-sauvignon-blanc-nibbles-gift-valentine-s-day-hamper,https://www.woolworths.com.au/content/promotiontags/everyday-market-free-shipping-v2.svg,https://assets.woolworths.com.au/images/1005/1073961517.jpg?impolicy=wowsmkqiema&w=260&h=260,$139.95,,, Add to cart , Save to list 
Primo Caffe Coffee Intenso Hermetic Capsules 2PK - 50pc,https://www.woolworths.com.au/shop/productdetails/1073908303/primo-caffe-coffee-intenso-hermetic-capsules-2pk-50pc,,https://assets.woolworths.com.au/images/1005/1073908303.jpg?impolicy=wowsmkqiema&w=260&h=260,$35.00,,$0.35 / 1EA, Add to cart , Save to list 
Primo Caffe Espresso Numero Uno Coffee Beans 1KG,https://www.woolworths.com.au/shop/productdetails/1073927523/primo-caffe-espresso-numero-uno-coffee-beans-1kg,,https://assets.woolworths.com.au/images/1005/1073927523.jpg?impolicy=wowsmkqiema&w=260&h=260,$32.00,,$3.20 / 100G, Add to cart , Save to list 
Seriously Rich Thick European Hot Chocolate 250g x 6 Packs,https://www.woolworths.com.au/shop/productdetails/1073911134/seriously-rich-thick-european-hot-chocolate-250g-x-6-packs,https://www.woolworths.com.au/content/promotiontags/roundel-special-200x200.png,https://assets.woolworths.com.au/images/1005/1073911134.jpg?impolicy=wowsmkqiema&w=260&h=260,$40.00,$45.00,$1.33 / 100G, Add to cart , Save to list 
Spiced Cane Non-Alcoholic Spirit - Spiced Rum Style | Lyre's 700ml,https://www.woolworths.com.au/shop/productdetails/1073933229/spiced-cane-non-alcoholic-spirit-spiced-rum-style-lyre-s-700ml,,https://assets.woolworths.com.au/images/1005/1073933229.jpg?impolicy=wowsmkqiema&w=260&h=260,$44.99,,$6.43 / 100ML, Add to cart , Save to list 
Stitch Coffee Matcha Powder 125g,https://www.woolworths.com.au/shop/productdetails/1074052574/stitch-coffee-matcha-powder-125g,,https://assets.woolworths.com.au/images/1005/1074052574.jpg?impolicy=wowsmkqiema&w=260&h=260,$25.00,,$20.00 / 100G, Add to cart , Save to list 
StrangeLove Dry Ginger Ale 180ml Bottles - 6x4 Pack,https://www.woolworths.com.au/shop/productdetails/1073863254/strangelove-dry-ginger-ale-180ml-bottles-6x4-pack,https://www.woolworths.com.au/content/promotiontags/everyday-market-free-shipping-v2.svg,https://assets.woolworths.com.au/images/1005/1073863254.jpg?impolicy=wowsmkqiema&w=260&h=260,$60.00,,$13.89 / 1L, Add to cart , Save to list 
White Wine & Premium Gourmet Chocolate Nuts & Cracker Gift Valentine's Day Hamper,https://www.woolworths.com.au/shop/productdetails/1073811807/white-wine-premium-gourmet-chocolate-nuts-cracker-gift-valentine-s-day-hamper,https://www.woolworths.com.au/content/promotiontags/everyday-market-free-shipping-v2.svg,https://assets.woolworths.com.au/images/1005/1073811807.jpg?impolicy=wowsmkqiema&w=260&h=260,$119.95,,, Add to cart , Save to list 
Arkadia Drinking Chocolate 1KG 40% Cocoa,https://www.woolworths.com.au/shop/productdetails/1073927515/arkadia-drinking-chocolate-1kg-40-cocoa,,https://assets.woolworths.com.au/images/1005/1073927515.jpg?impolicy=wowsmkqiema&w=260&h=260,$27.00,,$2.70 / 100G, Add to cart , Save to list 
Arkadia White Chocolate Powder 1KG,https://www.woolworths.com.au/shop/productdetails/1073927522/arkadia-white-chocolate-powder-1kg,,https://assets.woolworths.com.au/images/1005/1073927522.jpg?impolicy=wowsmkqiema&w=260&h=260,$33.00,,$3.30 / 100G, Add to cart , Save to list 
BSc Body Science Clean Coffee Brain Fuel 150g,https://www.woolworths.com.au/shop/productdetails/1073897708/bsc-body-science-clean-coffee-brain-fuel-150g,https://www.woolworths.com.au/content/promotiontags/roundel-special-200x200.png,https://assets.woolworths.com.au/images/1005/1073897708.jpg?impolicy=wowsmkqiema&w=260&h=260,$20.96,$29.95,$13.97 / 100G, Add to cart , Save to list 
Coffee Hero Kickstart whole beans 500g,https://www.woolworths.com.au/shop/productdetails/1074024173/coffee-hero-kickstart-whole-beans-500g,,https://assets.woolworths.com.au/images/1005/1074024173.jpg?impolicy=wowsmkqiema&w=260&h=260,$29.99,,$3.00 / 100G, Add to cart , Save to list 
Coffee Hero Turkish Delight whole beans 1kg,https://www.woolworths.com.au/shop/productdetails/1074024204/coffee-hero-turkish-delight-whole-beans-1kg,https://www.woolworths.com.au/content/promotiontags/everyday-market-free-shipping-v2.svg,https://assets.woolworths.com.au/images/1005/1074024204.jpg?impolicy=wowsmkqiema&w=260&h=260,$59.99,,$6.00 / 100G, Add to cart , Save to list 
Cognac Lovers & Gourmet Food Gift Valentine's Day Hamper,https://www.woolworths.com.au/shop/productdetails/1073961528/cognac-lovers-gourmet-food-gift-valentine-s-day-hamper,https://www.woolworths.com.au/content/promotiontags/everyday-market-free-shipping-v2.svg,https://assets.woolworths.com.au/images/1005/1073961528.jpg?impolicy=wowsmkqiema&w=260&h=260,$229.95,,, Add to cart , Save to list 
Entertaining BBQ Beer & Pulled Pork Cheese Gift Valentine's Day Hamper,https://www.woolworths.com.au/shop/productdetails/1073811815/entertaining-bbq-beer-pulled-pork-cheese-gift-valentine-s-day-hamper,https://www.woolworths.com.au/content/promotiontags/everyday-market-free-shipping-v2.svg,https://assets.woolworths.com.au/images/1005/1073811815.jpg?impolicy=wowsmkqiema&w=260&h=260,$159.95,,, Add to cart , Save to list 
Famous Soda Co Passionfruit Soda 12 Pack x 330ml Cans,https://www.woolworths.com.au/shop/productdetails/1073902994/famous-soda-co-passionfruit-soda-12-pack-x-330ml-cans,https://www.woolworths.com.au/content/promotiontags/roundel-special-200x200.png,https://assets.woolworths.com.au/images/1005/1073902994.jpg?impolicy=wowsmkqiema&w=260&h=260,$29.99,$36.99,$7.57 / 1L, Add to cart , Save to list 
Foodies Gourmet Food Mumm St Hugo Sparkling Chocolate Nuts & Cracker Gift Valentine's Day Hamper,https://www.woolworths.com.au/shop/productdetails/1073890414/foodies-gourmet-food-mumm-st-hugo-sparkling-chocolate-nuts-cracker-gift-valentine-s-day-hamper,https://www.woolworths.com.au/content/promotiontags/everyday-market-free-shipping-v2.svg,https://assets.woolworths.com.au/images/1005/1073890414.jpg?impolicy=wowsmkqiema&w=260&h=260,$299.95,,, Add to cart , Save to list 
G.H. Mumm Grand Cordon Champagne Gourmet Food Gift Valentine's Day Hamper,https://www.woolworths.com.au/shop/productdetails/1073811823/g-h-mumm-grand-cordon-champagne-gourmet-food-gift-valentine-s-day-hamper,https://www.woolworths.com.au/content/promotiontags/everyday-market-free-shipping-v2.svg,https://assets.woolworths.com.au/images/1005/1073811823.jpg?impolicy=wowsmkqiema&w=260&h=260,$259.95,,, Add to cart , Save to list 
G.H. Mumm Premium Champagne Gourmet Food Gift Valentine's Day Hamper,https://www.woolworths.com.au/shop/productdetails/1073811821/g-h-mumm-premium-champagne-gourmet-food-gift-valentine-s-day-hamper,https://www.woolworths.com.au/content/promotiontags/everyday-market-free-shipping-v2.svg,https://assets.woolworths.com.au/images/1005/1073811821.jpg?impolicy=wowsmkqiema&w=260&h=260,$219.95,,, Add to cart , Save to list 
Genki Forest Sparkling Water Lime & Cactus Flavour 330ml*6pcs X 2Pack,https://www.woolworths.com.au/shop/productdetails/1074000734/genki-forest-sparkling-water-lime-cactus-flavour-330ml-6pcs-x-2pack,https://www.woolworths.com.au/content/promotiontags/roundel-special-200x200.png,https://assets.woolworths.com.au/images/1005/1074000734.jpg?impolicy=wowsmkqiema&w=260&h=260,$23.99,$27.99,$12.00 / 1EA, Add to cart , Save to list 
Gin Lovers & Gourmet Food Gift Valentine's Day Hamper,https://www.woolworths.com.au/shop/productdetails/1073961521/gin-lovers-gourmet-food-gift-valentine-s-day-hamper,https://www.woolworths.com.au/content/promotiontags/everyday-market-free-shipping-v2.svg,https://assets.woolworths.com.au/images/1005/1073961521.jpg?impolicy=wowsmkqiema&w=260&h=260,$229.95,,, Add to cart , Save to list 
Hottea Mama The Final Push 15pk,https://www.woolworths.com.au/shop/productdetails/1073807029/hottea-mama-the-final-push-15pk,https://www.woolworths.com.au/content/promotiontags/roundel-special-200x200.png,https://assets.woolworths.com.au/images/1005/1073807029.jpg?impolicy=wowsmkqiema&w=260&h=260,$11.02,$15.75,$0.73 / 1EA, Add to cart , Save to list 
Jarritos Guava 370mL x 24 Pack,https://www.woolworths.com.au/shop/productdetails/1073950493/jarritos-guava-370ml-x-24-pack,https://www.woolworths.com.au/content/promotiontags/everyday-market-free-shipping-v2.svg,https://assets.woolworths.com.au/images/1005/1073950493.jpg?impolicy=wowsmkqiema&w=260&h=260,$75.96,,$0.86 / 100ML, Add to cart , Save to list 
Jomeis Fine Foods Matcha Latte Duo Pack - 200g,https://www.woolworths.com.au/shop/productdetails/1074001251/jomeis-fine-foods-matcha-latte-duo-pack-200g,https://www.woolworths.com.au/content/promotiontags/roundel-special-200x200.png,https://assets.woolworths.com.au/images/1005/1074001251.jpg?impolicy=wowsmkqiema&w=260&h=260,$34.95,,$14.56 / 100G, Add to cart , Save to list 
Kedem Light Grape Juice 2.84L,https://www.woolworths.com.au/shop/productdetails/1074032889/kedem-light-grape-juice-2-84l,,https://assets.woolworths.com.au/images/1005/1074032889.jpg?impolicy=wowsmkqiema&w=260&h=260,$40.49,,$14.26 / 1L, Add to cart , Save to list 
Lavazza Espresso Decaf Nespresso Compatible Capsules 100 Pods,https://www.woolworths.com.au/shop/productdetails/1073982303/lavazza-espresso-decaf-nespresso-compatible-capsules-100-pods,,https://assets.woolworths.com.au/images/1005/1073982303.jpg?impolicy=wowsmkqiema&w=260&h=260,$45.00,,$45.00 / 100EA, Add to cart , Save to list 
Luxury Gift Hamper,https://www.woolworths.com.au/shop/productdetails/1073935662/luxury-gift-hamper,https://www.woolworths.com.au/content/promotiontags/everyday-market-free-shipping-v2.svg,https://assets.woolworths.com.au/images/1005/1073935662.jpg?impolicy=wowsmkqiema&w=260&h=260,$490.00,,, Add to cart , Save to list 
Lyre's Highland Malt Non-Alcoholic Spirit - Malt Whiskey Style,https://www.woolworths.com.au/shop/productdetails/1073933234/lyre-s-highland-malt-non-alcoholic-spirit-malt-whiskey-style,,https://assets.woolworths.com.au/images/1005/1073933234.jpg?impolicy=wowsmkqiema&w=260&h=260,$44.99,,$6.43 / 100ML, Add to cart , Save to list 
Monkey 47 Dry Gin & World's Finest Gourmet Food Gift Valentine's Day Hamper,https://www.woolworths.com.au/shop/productdetails/1073811825/monkey-47-dry-gin-world-s-finest-gourmet-food-gift-valentine-s-day-hamper,https://www.woolworths.com.au/content/promotiontags/everyday-market-free-shipping-v2.svg,https://assets.woolworths.com.au/images/1005/1073811825.jpg?impolicy=wowsmkqiema&w=260&h=260,$289.95,,, Add to cart , Save to list 
New York Cocktail Infusion Mixer Red Sangria Bottle w/ Small Sieve 120g,https://www.woolworths.com.au/shop/productdetails/1073927494/new-york-cocktail-infusion-mixer-red-sangria-bottle-w-small-sieve-120g,https://www.woolworths.com.au/content/promotiontags/roundel-special-200x200.png,https://assets.woolworths.com.au/images/1005/1073927494.jpg?impolicy=wowsmkqiema&w=260&h=260,$17.85,$21.00,$14.88 / 100G, Add to cart , Save to list 
Old Town 3 in 1 Coffee Espresso 15 bars 525g x 2Pack,https://www.woolworths.com.au/shop/productdetails/1073962811/old-town-3-in-1-coffee-espresso-15-bars-525g-x-2pack,,https://assets.woolworths.com.au/images/1005/1073962811.jpg?impolicy=wowsmkqiema&w=260&h=260,$27.99,,$0.93 / 1EA, Add to cart , Save to list 
Open Bar! Gift Hamper,https://www.woolworths.com.au/shop/productdetails/1073935663/open-bar-gift-hamper,https://www.woolworths.com.au/content/promotiontags/everyday-market-free-shipping-v2.svg,https://assets.woolworths.com.au/images/1005/1073935663.jpg?impolicy=wowsmkqiema&w=260&h=260,$450.00,,, Add to cart , Save to list 
Premium Specialty Coffee Pod Selection - Box of 30 Capsules,https://www.woolworths.com.au/shop/productdetails/1073927639/premium-specialty-coffee-pod-selection-box-of-30-capsules,https://www.woolworths.com.au/content/promotiontags/roundel-special-200x200.png,https://assets.woolworths.com.au/images/1005/1073927639.jpg?impolicy=wowsmkqiema&w=260&h=260,$31.50,$35.00,$3.15 / 100G, Add to cart , Save to list 
Pukka Herbs Fresh Start Tea Bags 2x20packs,https://www.woolworths.com.au/shop/productdetails/1073959580/pukka-herbs-fresh-start-tea-bags-2x20packs,,https://assets.woolworths.com.au/images/1005/1073959580.jpg?impolicy=wowsmkqiema&w=260&h=260,$17.50,,$0.44 / 1EA, Add to cart , Save to list 
Purely Gourmet Penfolds Australian Sweets Gift Hamper,https://www.woolworths.com.au/shop/productdetails/1073935464/purely-gourmet-penfolds-australian-sweets-gift-hamper,https://www.woolworths.com.au/content/promotiontags/everyday-market-free-shipping-v2.svg,https://assets.woolworths.com.au/images/1005/1073935464.jpg?impolicy=wowsmkqiema&w=260&h=260,$160.00,,, Add to cart , Save to list 
Purely Gourmet Whisky & Antipasto Gift Hamper (Glenmorangie),https://www.woolworths.com.au/shop/productdetails/1073935471/purely-gourmet-whisky-antipasto-gift-hamper-glenmorangie-,https://www.woolworths.com.au/content/promotiontags/everyday-market-free-shipping-v2.svg,https://assets.woolworths.com.au/images/1005/1073935471.jpg?impolicy=wowsmkqiema&w=260&h=260,$250.00,,, Add to cart , Save to list 
Purely Gourmet Whisky & Snacks Gift Hamper (Glenmorangie),https://www.woolworths.com.au/shop/productdetails/1073935480/purely-gourmet-whisky-snacks-gift-hamper-glenmorangie-,https://www.woolworths.com.au/content/promotiontags/everyday-market-free-shipping-v2.svg,https://assets.woolworths.com.au/images/1005/1073935480.jpg?impolicy=wowsmkqiema&w=260&h=260,$250.00,,, Add to cart , Save to list 
Red Wine & Premium Gourmet Selection Gift Valentine's Day Hamper,https://www.woolworths.com.au/shop/productdetails/1073811800/red-wine-premium-gourmet-selection-gift-valentine-s-day-hamper,https://www.woolworths.com.au/content/promotiontags/everyday-market-free-shipping-v2.svg,https://assets.woolworths.com.au/images/1005/1073811800.jpg?impolicy=wowsmkqiema&w=260&h=260,$119.95,,, Add to cart , Save to list 
Regal Selection Gift Hamper,https://www.woolworths.com.au/shop/productdetails/1073935664/regal-selection-gift-hamper,https://www.woolworths.com.au/content/promotiontags/everyday-market-free-shipping-v2.svg,https://assets.woolworths.com.au/images/1005/1073935664.jpg?impolicy=wowsmkqiema&w=260&h=260,$375.00,,, Add to cart , Save to list 
Starbucks Multipack Espresso Dark Roast Coffee Pods Capsules x 120,https://www.woolworths.com.au/shop/productdetails/1074044212/starbucks-multipack-espresso-dark-roast-coffee-pods-capsules-x-120,https://www.woolworths.com.au/content/promotiontags/everyday-market-free-shipping-v2.svg,https://assets.woolworths.com.au/images/1005/1074044212.jpg?impolicy=wowsmkqiema&w=260&h=260,$109.20,,$91.00 / 100EA, Add to cart , Save to list 
Tastebuds Queen of Hearts Ferrero Rocher Chocolate Bouquet,https://www.woolworths.com.au/shop/productdetails/1074023452/tastebuds-queen-of-hearts-ferrero-rocher-chocolate-bouquet,https://www.woolworths.com.au/content/promotiontags/roundel-special-200x200.png,https://assets.woolworths.com.au/images/1005/1074023452.jpg?impolicy=wowsmkqiema&w=260&h=260,$85.00,,, Add to cart , Save to list 
Tastebuds Toblerone Chocolate Bar With Mini Chocolates,https://www.woolworths.com.au/shop/productdetails/1074023475/tastebuds-toblerone-chocolate-bar-with-mini-chocolates,https://www.woolworths.com.au/content/promotiontags/everyday-market-free-shipping-v2.svg,https://assets.woolworths.com.au/images/1005/1074023475.jpg?impolicy=wowsmkqiema&w=260&h=260,$105.00,,, Add to cart , Save to list 
The Hamper Emporium - Lounging in Luxury with Red Wine Hamper,https://www.woolworths.com.au/shop/productdetails/1073963073/the-hamper-emporium-lounging-in-luxury-with-red-wine-hamper,https://www.woolworths.com.au/content/promotiontags/everyday-market-free-shipping-v2.svg,https://assets.woolworths.com.au/images/1005/1073963073.jpg?impolicy=wowsmkqiema&w=260&h=260,$169.00,,, Add to cart , Save to list 
The Hamper Emporium - More Than Flowers with Moet Hamper,https://www.woolworths.com.au/shop/productdetails/1073963059/the-hamper-emporium-more-than-flowers-with-moet-hamper,https://www.woolworths.com.au/content/promotiontags/everyday-market-free-shipping-v2.svg,https://assets.woolworths.com.au/images/1005/1073963059.jpg?impolicy=wowsmkqiema&w=260&h=260,$249.00,,, Add to cart , Save to list 
The Hamper Emporium - Sheridan Baby Girl Snuggles with Moet Hamper,https://www.woolworths.com.au/shop/productdetails/1073963021/the-hamper-emporium-sheridan-baby-girl-snuggles-with-moet-hamper,https://www.woolworths.com.au/content/promotiontags/everyday-market-free-shipping-v2.svg,https://assets.woolworths.com.au/images/1005/1073963021.jpg?impolicy=wowsmkqiema&w=260&h=260,$269.00,,, Add to cart , Save to list 
The Hamper Emporium - The Elevated Homebody with Chandon Hamper,https://www.woolworths.com.au/shop/productdetails/1073963076/the-hamper-emporium-the-elevated-homebody-with-chandon-hamper,https://www.woolworths.com.au/content/promotiontags/everyday-market-free-shipping-v2.svg,https://assets.woolworths.com.au/images/1005/1073963076.jpg?impolicy=wowsmkqiema&w=260&h=260,$249.00,,, Add to cart , Save to list 
The Hamper Emporium - The Elevated Homebody with Moet Hamper,https://www.woolworths.com.au/shop/productdetails/1073963077/the-hamper-emporium-the-elevated-homebody-with-moet-hamper,https://www.woolworths.com.au/content/promotiontags/everyday-market-free-shipping-v2.svg,https://assets.woolworths.com.au/images/1005/1073963077.jpg?impolicy=wowsmkqiema&w=260&h=260,$299.00,,, Add to cart , Save to list 
The Hamper Emporium - The Elevated Homebody with Red Wine Hamper,https://www.woolworths.com.au/shop/productdetails/1073963075/the-hamper-emporium-the-elevated-homebody-with-red-wine-hamper,https://www.woolworths.com.au/content/promotiontags/everyday-market-free-shipping-v2.svg,https://assets.woolworths.com.au/images/1005/1073963075.jpg?impolicy=wowsmkqiema&w=260&h=260,$229.00,,, Add to cart , Save to list 
The Hamper Emporium Iconic Baby Essentials Hamper With Moet,https://www.woolworths.com.au/shop/productdetails/1073963015/the-hamper-emporium-iconic-baby-essentials-hamper-with-moet,https://www.woolworths.com.au/content/promotiontags/everyday-market-free-shipping-v2.svg,https://assets.woolworths.com.au/images/1005/1073963015.jpg?impolicy=wowsmkqiema&w=260&h=260,$369.00,,, Add to cart , Save to list 
The Hamper Emporium Pure Gold Luxury Foodies Hamper,https://www.woolworths.com.au/shop/productdetails/1073961295/the-hamper-emporium-pure-gold-luxury-foodies-hamper,https://www.woolworths.com.au/content/promotiontags/everyday-market-free-shipping-v2.svg,https://assets.woolworths.com.au/images/1005/1073961295.jpg?impolicy=wowsmkqiema&w=260&h=260,$299.00,,, Add to cart , Save to list 
Veuve Clicquot Gift Set,https://www.woolworths.com.au/shop/productdetails/1073934995/veuve-clicquot-gift-set,https://www.woolworths.com.au/content/promotiontags/everyday-market-free-shipping-v2.svg,https://assets.woolworths.com.au/images/1005/1073934995.jpg?impolicy=wowsmkqiema&w=260&h=260,$138.00,,, Add to cart , Save to list 
Welcome Baby Hamper with G.H.Mumm Champagne,https://www.woolworths.com.au/shop/productdetails/1073846501/welcome-baby-hamper-with-g-h-mumm-champagne,https://www.woolworths.com.au/content/promotiontags/everyday-market-free-shipping-v2.svg,https://assets.woolworths.com.au/images/1005/1073846501.jpg?impolicy=wowsmkqiema&w=260&h=260,$239.95,,, Add to cart , Save to list 
Whisky And More! Gift Hamper,https://www.woolworths.com.au/shop/productdetails/1073935665/whisky-and-more-gift-hamper,https://www.woolworths.com.au/content/promotiontags/everyday-market-free-shipping-v2.svg,https://assets.woolworths.com.au/images/1005/1073935665.jpg?impolicy=wowsmkqiema&w=260&h=260,$290.00,,, Add to cart , Save to list 
Yun Pufa health bag infusion tea Fu Ling Jiu Wei Pu Er Tea 15pcs*4.6g,https://www.woolworths.com.au/shop/productdetails/1073962822/yun-pufa-health-bag-infusion-tea-fu-ling-jiu-wei-pu-er-tea-15pcs-4-6g,https://www.woolworths.com.au/content/promotiontags/roundel-special-200x200.png,https://assets.woolworths.com.au/images/1005/1073962822.jpg?impolicy=wowsmkqiema&w=260&h=260,$20.79,$25.99,$30.13 / 100G, Add to cart , Save to list 
rok Kombucha Ginger Pop 330ml x 8,https://www.woolworths.com.au/shop/productdetails/1074049678/rok-kombucha-ginger-pop-330ml-x-8,,https://assets.woolworths.com.au/images/1005/1074049678.jpg?impolicy=wowsmkqiema&w=260&h=260,$36.00,,$13.64 / 1L, Add to cart , Save to list 
Avalanche Christmas 2021 Bubble Tea Gift Box Each,https://www.woolworths.com.au/shop/productdetails/182851/avalanche-christmas-2021-bubble-tea-gift-box,,https://assets.woolworths.com.au/images/1005/182851.jpg?impolicy=wowsmkqiema&w=260&h=260,,,,, Save to list 
Coca-cola Diet Can 375ml,https://www.woolworths.com.au/shop/productdetails/94541/coca-cola-diet-can,,https://assets.woolworths.com.au/images/1005/94541.jpg?impolicy=wowsmkqiema&w=260&h=260,,,,, Save to list 
Woolworths Coffee Beans Espresso 1kg,https://www.woolworths.com.au/shop/productdetails/300452/woolworths-coffee-beans-espresso,,https://assets.woolworths.com.au/images/1005/300452.jpg?impolicy=wowsmkqiema&w=260&h=260,,,,, Save to list 
Arkadia Drinking Chocolate 1KG 24% Cocoa,https://www.woolworths.com.au/shop/productdetails/1073927516/arkadia-drinking-chocolate-1kg-24-cocoa,,https://assets.woolworths.com.au/images/1005/1073927516.jpg?impolicy=wowsmkqiema&w=260&h=260,$26.00,,$2.60 / 100G, Add to cart , Save to list 
Arkadia Lychee Fruit Coffee Tea Syrup 750ml,https://www.woolworths.com.au/shop/productdetails/1074025868/arkadia-lychee-fruit-coffee-tea-syrup-750ml,,https://assets.woolworths.com.au/images/1005/1074025868.jpg?impolicy=wowsmkqiema&w=260&h=260,$29.00,,$38.67 / 1L, Add to cart , Save to list 
Beforeyouspeak Coffee Performance Coffee Unsweetened 30 serve,https://www.woolworths.com.au/shop/productdetails/1073833890/beforeyouspeak-coffee-performance-coffee-unsweetened-30-serve,https://www.woolworths.com.au/content/promotiontags/roundel-special-200x200.png,https://assets.woolworths.com.au/images/1005/1073833890.jpg?impolicy=wowsmkqiema&w=260&h=260,$55.96,$69.95,$1.87 / 1EA, Add to cart , Save to list 
Buddha Teas Divine Immunity Blend 18serve,https://www.woolworths.com.au/shop/productdetails/1073779527/buddha-teas-divine-immunity-blend-18serve,,https://assets.woolworths.com.au/images/1005/1073779527.jpg?impolicy=wowsmkqiema&w=260&h=260,$10.00,,$0.56 / 1EA, Add to cart , Save to list 
Buddha Teas Organic Herbal Tea Bags Dandelion Root Tea 18pack,https://www.woolworths.com.au/shop/productdetails/1073923132/buddha-teas-organic-herbal-tea-bags-dandelion-root-tea-18pack,,https://assets.woolworths.com.au/images/1005/1073923132.jpg?impolicy=wowsmkqiema&w=260&h=260,$10.00,,$0.56 / 1EA, Add to cart , Save to list 
Byron Chai Indian Spiced Tea 100g x 2pack,https://www.woolworths.com.au/shop/productdetails/1073945904/byron-chai-indian-spiced-tea-100g-x-2pack,,https://assets.woolworths.com.au/images/1005/1073945904.jpg?impolicy=wowsmkqiema&w=260&h=260,$14.00,,$7.00 / 100G, Add to cart , Save to list 
Calypso Original Lemonade 473mL x 12 Pack,https://www.woolworths.com.au/shop/productdetails/1073945852/calypso-original-lemonade-473ml-x-12-pack,https://www.woolworths.com.au/content/promotiontags/everyday-market-free-shipping-v2.svg,https://assets.woolworths.com.au/images/1005/1073945852.jpg?impolicy=wowsmkqiema&w=260&h=260,$50.95,,$0.90 / 100ML, Add to cart , Save to list 
Coffee Hero Kenya Gachuiro whole beans 1kg,https://www.woolworths.com.au/shop/productdetails/1074024189/coffee-hero-kenya-gachuiro-whole-beans-1kg,https://www.woolworths.com.au/content/promotiontags/everyday-market-free-shipping-v2.svg,https://assets.woolworths.com.au/images/1005/1074024189.jpg?impolicy=wowsmkqiema&w=260&h=260,$67.99,,$6.80 / 100G, Add to cart , Save to list 
Coffee Hero Smooth Operator whole beans 500g,https://www.woolworths.com.au/shop/productdetails/1074024170/coffee-hero-smooth-operator-whole-beans-500g,,https://assets.woolworths.com.au/images/1005/1074024170.jpg?impolicy=wowsmkqiema&w=260&h=260,$29.99,,$6.00 / 100G, Add to cart , Save to list 
Cola Cao Noir Dark Spanish Drinking Chocolate 300g,https://www.woolworths.com.au/shop/productdetails/1074125697/cola-cao-noir-dark-spanish-drinking-chocolate-300g,,https://assets.woolworths.com.au/images/1005/1074125697.jpg?impolicy=wowsmkqiema&w=260&h=260,$9.00,,$3.00 / 100G, Add to cart , Save to list 
Dr Pepper Original 355ml 12 Pack,https://www.woolworths.com.au/shop/productdetails/1074032788/dr-pepper-original-355ml-12-pack,,https://assets.woolworths.com.au/images/1005/1074032788.jpg?impolicy=wowsmkqiema&w=260&h=260,$39.75,,$3.31 / 1EA, Add to cart , Save to list 
Egyptian Red Herbal Tea Bags Tea Of The Pharaohs 40pack,https://www.woolworths.com.au/shop/productdetails/1073779617/egyptian-red-herbal-tea-bags-tea-of-the-pharaohs-40pack,,https://assets.woolworths.com.au/images/1005/1073779617.jpg?impolicy=wowsmkqiema&w=260&h=260,$21.95,,$0.55 / 1EA, Add to cart , Save to list 
Gift Pack Duo Non-Alcoholic Sparkling Wines - Allure & Lautus 750ml,https://www.woolworths.com.au/shop/productdetails/1073902770/gift-pack-duo-non-alcoholic-sparkling-wines-allure-lautus-750ml,https://www.woolworths.com.au/content/promotiontags/roundel-special-200x200.png,https://assets.woolworths.com.au/images/1005/1073902770.jpg?impolicy=wowsmkqiema&w=260&h=260,$42.35,$45.95,, Add to cart , Save to list 
Lyre's Alcohol Free Non-Alcoholic Espresso Martini Gift Set,https://www.woolworths.com.au/shop/productdetails/1073811174/lyre-s-alcohol-free-non-alcoholic-espresso-martini-gift-set,https://www.woolworths.com.au/content/promotiontags/everyday-market-free-shipping-v2.svg,https://assets.woolworths.com.au/images/1005/1073811174.jpg?impolicy=wowsmkqiema&w=260&h=260,$97.50,,, Add to cart , Save to list 
Lyre's Alcohol Free Non-Alcoholic Jungle Bird Gift Set,https://www.woolworths.com.au/shop/productdetails/1073811178/lyre-s-alcohol-free-non-alcoholic-jungle-bird-gift-set,https://www.woolworths.com.au/content/promotiontags/everyday-market-free-shipping-v2.svg,https://assets.woolworths.com.au/images/1005/1073811178.jpg?impolicy=wowsmkqiema&w=260&h=260,$97.50,,, Add to cart , Save to list 
Lyre's Summer Spritz Non-Alcoholic Set (Pack of 2) | Orange Sec (Triple Sec Style) & Italian Orange (Aperitivo Style) | Award Winning | 700ml x 2,https://www.woolworths.com.au/shop/productdetails/1073918013/lyre-s-summer-spritz-non-alcoholic-set-pack-of-2-orange-sec-triple-sec-style-italian-orange-aperitivo-style-award-winning-700ml-x-2,https://www.woolworths.com.au/content/promotiontags/roundel-special-200x200.png,https://assets.woolworths.com.au/images/1005/1073918013.jpg?impolicy=wowsmkqiema&w=260&h=260,$80.98,$89.98,, Add to cart , Save to list 
MirMir Organics Certified Organic Turmeric Tea Pyramid Tea Bags 40gm x 2 packs,https://www.woolworths.com.au/shop/productdetails/1074002182/mirmir-organics-certified-organic-turmeric-tea-pyramid-tea-bags-40gm-x-2-packs,https://www.woolworths.com.au/content/promotiontags/roundel-special-200x200.png,https://assets.woolworths.com.au/images/1005/1074002182.jpg?impolicy=wowsmkqiema&w=260&h=260,$21.50,$23.50,$53.75 / 100G, Add to cart , Save to list 
Nescafe Original Granulated Coffee 382 Cups 650g,https://www.woolworths.com.au/shop/productdetails/1074032814/nescafe-original-granulated-coffee-382-cups-650g,,https://assets.woolworths.com.au/images/1005/1074032814.jpg?impolicy=wowsmkqiema&w=260&h=260,$41.25,,$6.35 / 100G, Add to cart , Save to list 
New York Cocktail Infusion Mixer Strawberry Daiquiri Bottle w/ Small Sieve 112g,https://www.woolworths.com.au/shop/productdetails/1073927503/new-york-cocktail-infusion-mixer-strawberry-daiquiri-bottle-w-small-sieve-112g,https://www.woolworths.com.au/content/promotiontags/roundel-special-200x200.png,https://assets.woolworths.com.au/images/1005/1073927503.jpg?impolicy=wowsmkqiema&w=260&h=260,$17.85,$21.00,$15.94 / 100G, Add to cart , Save to list 
New York Cocktail Infusion Mixer White Sangria Bottle 110g w/ Small Sieve,https://www.woolworths.com.au/shop/productdetails/1074025778/new-york-cocktail-infusion-mixer-white-sangria-bottle-110g-w-small-sieve,https://www.woolworths.com.au/content/promotiontags/roundel-special-200x200.png,https://assets.woolworths.com.au/images/1005/1074025778.jpg?impolicy=wowsmkqiema&w=260&h=260,$17.85,$21.00,$16.23 / 100G, Add to cart , Save to list 
Nongfu Mountain Spring Oriental Leaf Sugar Free Oolong Tea 500mlx3Pack,https://www.woolworths.com.au/shop/productdetails/1073962816/nongfu-mountain-spring-oriental-leaf-sugar-free-oolong-tea-500mlx3pack,,https://assets.woolworths.com.au/images/1005/1073962816.jpg?impolicy=wowsmkqiema&w=260&h=260,$15.99,,$1.07 / 100ML, Add to cart , Save to list 
Old Town Authentic White Coffee Hazelnut Flavor 15 bars 570g x 2Pack,https://www.woolworths.com.au/shop/productdetails/1073962581/old-town-authentic-white-coffee-hazelnut-flavor-15-bars-570g-x-2pack,,https://assets.woolworths.com.au/images/1005/1073962581.jpg?impolicy=wowsmkqiema&w=260&h=260,$29.99,,$2.63 / 100G, Add to cart , Save to list 
Pickle & Spice Premium Whole Coffee Beans 500gm x 2 packs,https://www.woolworths.com.au/shop/productdetails/1073933832/pickle-spice-premium-whole-coffee-beans-500gm-x-2-packs,https://www.woolworths.com.au/content/promotiontags/roundel-special-200x200.png,https://assets.woolworths.com.au/images/1005/1073933832.jpg?impolicy=wowsmkqiema&w=260&h=260,$39.50,$41.50,$3.95 / 100G, Add to cart , Save to list 
Planet Organic English Breakfast 25 Tea Bags x 3pack,https://www.woolworths.com.au/shop/productdetails/1073945886/planet-organic-english-breakfast-25-tea-bags-x-3pack,https://www.woolworths.com.au/content/promotiontags/roundel-special-200x200.png,https://assets.woolworths.com.au/images/1005/1073945886.jpg?impolicy=wowsmkqiema&w=260&h=260,$9.84,$12.30,$13.12 / 100EA, Add to cart , Save to list 
Primo Caffe Certified Organic Ground Coffee 250g 2PK,https://www.woolworths.com.au/shop/productdetails/1073908325/primo-caffe-certified-organic-ground-coffee-250g-2pk,,https://assets.woolworths.com.au/images/1005/1073908325.jpg?impolicy=wowsmkqiema&w=260&h=260,$27.00,,$13.50 / 1EA, Add to cart , Save to list 
Rejwan Turkish Coffee 100g,https://www.woolworths.com.au/shop/productdetails/1074032750/rejwan-turkish-coffee-100g,,https://assets.woolworths.com.au/images/1005/1074032750.jpg?impolicy=wowsmkqiema&w=260&h=260,$25.49,,$12.75 / 1EA, Add to cart , Save to list 
Seven Miles - Bear and the Beard - Premium Specialty Coffee Beans - 250g,https://www.woolworths.com.au/shop/productdetails/1073982221/seven-miles-bear-and-the-beard-premium-specialty-coffee-beans-250g,,https://assets.woolworths.com.au/images/1005/1073982221.jpg?impolicy=wowsmkqiema&w=260&h=260,$17.00,,$6.80 / 100G, Add to cart , Save to list 
Stitch Coffee Higgs Field Blend 250g - Premium Specialty Coffee,https://www.woolworths.com.au/shop/productdetails/1074052553/stitch-coffee-higgs-field-blend-250g-premium-specialty-coffee,,https://assets.woolworths.com.au/images/1005/1074052553.jpg?impolicy=wowsmkqiema&w=260&h=260,$20.00,,$8.00 / 100G, Add to cart , Save to list 
Suntory Probiotics Sparkling Drink Non-alcoholic 350ml X 5Pack,https://www.woolworths.com.au/shop/productdetails/1074114326/suntory-probiotics-sparkling-drink-non-alcoholic-350ml-x-5pack,https://www.woolworths.com.au/content/promotiontags/roundel-special-200x200.png,https://assets.woolworths.com.au/images/1005/1074114326.jpg?impolicy=wowsmkqiema&w=260&h=260,$22.99,$26.99,$4.60 / 1EA, Add to cart , Save to list 
Tea Gardens Kombucha Citrus Lemon Lime 800ml,https://www.woolworths.com.au/shop/productdetails/1073961572/tea-gardens-kombucha-citrus-lemon-lime-800ml,https://www.woolworths.com.au/content/promotiontags/roundel-special-200x200.png,https://assets.woolworths.com.au/images/1005/1073961572.jpg?impolicy=wowsmkqiema&w=260&h=260,$62.64,$69.60,$3.26 / 1L, Add to cart , Save to list 
The Grounds - Huntley Blend - Premium Specialty Coffee Beans - 2 x 250g bags,https://www.woolworths.com.au/shop/productdetails/1073918596/the-grounds-huntley-blend-premium-specialty-coffee-beans-2-x-250g-bags,,https://assets.woolworths.com.au/images/1005/1073918596.jpg?impolicy=wowsmkqiema&w=260&h=260,$32.00,,$6.40 / 100G, Add to cart , Save to list 
The Grounds - Premium Specialty Coffee Bean Pack - 2 x 250g bags,https://www.woolworths.com.au/shop/productdetails/1074011272/the-grounds-premium-specialty-coffee-bean-pack-2-x-250g-bags,,https://assets.woolworths.com.au/images/1005/1074011272.jpg?impolicy=wowsmkqiema&w=260&h=260,$31.00,,$6.20 / 100G, Add to cart , Save to list 
Yun Pufa Health Bag Infusion Tea Yellow Essence Ten Treasures Pu'er Tea 15pcs*5g,https://www.woolworths.com.au/shop/productdetails/1073962823/yun-pufa-health-bag-infusion-tea-yellow-essence-ten-treasures-pu-er-tea-15pcs-5g,https://www.woolworths.com.au/content/promotiontags/roundel-special-200x200.png,https://assets.woolworths.com.au/images/1005/1073962823.jpg?impolicy=wowsmkqiema&w=260&h=260,$23.99,$27.99,$31.99 / 100G, Add to cart , Save to list 
rok+ Sparkling Functional Drink Beauty 330ml x 8,https://www.woolworths.com.au/shop/productdetails/1074049673/rok-sparkling-functional-drink-beauty-330ml-x-8,,https://assets.woolworths.com.au/images/1005/1074049673.jpg?impolicy=wowsmkqiema&w=260&h=260,$40.00,,$15.15 / 1L, Add to cart , Save to list 
Plus Minus Zero Alcohol Moscato 250mlx 4 Pack,https://www.woolworths.com.au/shop/productdetails/982036/plus-minus-plus-minus-zero-alcohol-moscato,,https://assets.woolworths.com.au/images/1005/982036.jpg?impolicy=wowsmkqiema&w=260&h=260,$20.00,,$20.00 / 1L, Add to cart , Save to list 
Essentials Instant Coffee Powder 500g,https://www.woolworths.com.au/shop/productdetails/12023/essentials-instant-coffee-powder,,https://assets.woolworths.com.au/images/1005/12023.jpg?impolicy=wowsmkqiema&w=260&h=260,,,,, Save to list 
H2juice Orange Juice Pulp Free 1.25l,https://www.woolworths.com.au/shop/productdetails/229543/h2juice-orange-juice-pulp-free,,https://assets.woolworths.com.au/images/1005/229543.jpg?impolicy=wowsmkqiema&w=260&h=260,$5.00,,$4.00 / 1L, Add to cart , Save to list 
Arkadia Chocolate Frappe Powder 1KG,https://www.woolworths.com.au/shop/productdetails/1073927509/arkadia-chocolate-frappe-powder-1kg,,https://assets.woolworths.com.au/images/1005/1073927509.jpg?impolicy=wowsmkqiema&w=260&h=260,$33.00,,$3.30 / 100G, Add to cart , Save to list 
Arkadia Handcrafted Tea Coffee Sticky Chai Bag 1kg,https://www.woolworths.com.au/shop/productdetails/1074025875/arkadia-handcrafted-tea-coffee-sticky-chai-bag-1kg,https://www.woolworths.com.au/content/promotiontags/roundel-special-200x200.png,https://assets.woolworths.com.au/images/1005/1074025875.jpg?impolicy=wowsmkqiema&w=260&h=260,$48.45,$57.00,$4.85 / 100G, Add to cart , Save to list 
Arkadia Lemonade Syrup 750ml,https://www.woolworths.com.au/shop/productdetails/1073927530/arkadia-lemonade-syrup-750ml,,https://assets.woolworths.com.au/images/1005/1073927530.jpg?impolicy=wowsmkqiema&w=260&h=260,$29.00,,$3.87 / 100ML, Add to cart , Save to list 
Arkadia Peppermint Syrup 750ml,https://www.woolworths.com.au/shop/productdetails/1073927447/arkadia-peppermint-syrup-750ml,,https://assets.woolworths.com.au/images/1005/1073927447.jpg?impolicy=wowsmkqiema&w=260&h=260,$29.00,,$3.87 / 100ML, Add to cart , Save to list 
Asahi Cooler Gift Hamper,https://www.woolworths.com.au/shop/productdetails/1073944638/asahi-cooler-gift-hamper,https://www.woolworths.com.au/content/promotiontags/everyday-market-free-shipping-v2.svg,https://assets.woolworths.com.au/images/1005/1073944638.jpg?impolicy=wowsmkqiema&w=260&h=260,$78.00,,, Add to cart , Save to list 
Aussie Tempter Gift Hamper,https://www.woolworths.com.au/shop/productdetails/1073944639/aussie-tempter-gift-hamper,https://www.woolworths.com.au/content/promotiontags/everyday-market-free-shipping-v2.svg,https://assets.woolworths.com.au/images/1005/1073944639.jpg?impolicy=wowsmkqiema&w=260&h=260,$75.00,,, Add to cart , Save to list 
B&D Flower Tea cup tea White jasmine prickly pear tea 2.8g*10 cups,https://www.woolworths.com.au/shop/productdetails/1073962789/b-d-flower-tea-cup-tea-white-jasmine-prickly-pear-tea-2-8g-10-cups,,https://assets.woolworths.com.au/images/1005/1073962789.jpg?impolicy=wowsmkqiema&w=260&h=260,$24.49,,$2.45 / 1EA, Add to cart , Save to list 
Beachgoer Gift Hamper,https://www.woolworths.com.au/shop/productdetails/1073944646/beachgoer-gift-hamper,https://www.woolworths.com.au/content/promotiontags/everyday-market-free-shipping-v2.svg,https://assets.woolworths.com.au/images/1005/1073944646.jpg?impolicy=wowsmkqiema&w=260&h=260,$68.00,,, Add to cart , Save to list 
Beforeyouspeak Coffee Collagen Coffee Mocha 30 serve,https://www.woolworths.com.au/shop/productdetails/1073833893/beforeyouspeak-coffee-collagen-coffee-mocha-30-serve,https://www.woolworths.com.au/content/promotiontags/roundel-special-200x200.png,https://assets.woolworths.com.au/images/1005/1073833893.jpg?impolicy=wowsmkqiema&w=260&h=260,$55.96,$69.95,$1.87 / 1EA, Add to cart , Save to list 
Bodhi Organic Tea - Black Beautea French Earl grey 40 gm Loose Leaf x 2 packs,https://www.woolworths.com.au/shop/productdetails/1074001146/bodhi-organic-tea-black-beautea-french-earl-grey-40-gm-loose-leaf-x-2-packs,https://www.woolworths.com.au/content/promotiontags/roundel-special-200x200.png,https://assets.woolworths.com.au/images/1005/1074001146.jpg?impolicy=wowsmkqiema&w=260&h=260,$27.90,$29.90,$69.75 / 100G, Add to cart , Save to list 
Bodhi Organic Tea - Masala Chai Spiced Tea 80 gm Loose Leaf x 2 packs,https://www.woolworths.com.au/shop/productdetails/1074001201/bodhi-organic-tea-masala-chai-spiced-tea-80-gm-loose-leaf-x-2-packs,https://www.woolworths.com.au/content/promotiontags/roundel-special-200x200.png,https://assets.woolworths.com.au/images/1005/1074001201.jpg?impolicy=wowsmkqiema&w=260&h=260,$27.90,$29.90,$34.88 / 100G, Add to cart , Save to list 
Bodhi Organic Tea - Tranquilitea Sleep 70 gm Loose Leaf x 2 packs,https://www.woolworths.com.au/shop/productdetails/1074001226/bodhi-organic-tea-tranquilitea-sleep-70-gm-loose-leaf-x-2-packs,https://www.woolworths.com.au/content/promotiontags/roundel-special-200x200.png,https://assets.woolworths.com.au/images/1005/1074001226.jpg?impolicy=wowsmkqiema&w=260&h=260,$27.90,$29.90,$39.86 / 100G, Add to cart , Save to list 
Brancott Shopper Gift Hamper,https://www.woolworths.com.au/shop/productdetails/1073944643/brancott-shopper-gift-hamper,https://www.woolworths.com.au/content/promotiontags/everyday-market-free-shipping-v2.svg,https://assets.woolworths.com.au/images/1005/1073944643.jpg?impolicy=wowsmkqiema&w=260&h=260,$70.00,,, Add to cart , Save to list 
Buddha Teas Nettle Leaf Tea 18serve,https://www.woolworths.com.au/shop/productdetails/1073779529/buddha-teas-nettle-leaf-tea-18serve,,https://assets.woolworths.com.au/images/1005/1073779529.jpg?impolicy=wowsmkqiema&w=260&h=260,$10.00,,$0.56 / 1EA, Add to cart , Save to list 
Byron Bay Gifts Christmas Celebration,https://www.woolworths.com.au/shop/productdetails/1074005528/byron-bay-gifts-christmas-celebration,https://www.woolworths.com.au/content/promotiontags/everyday-market-free-shipping-v2.svg,https://assets.woolworths.com.au/images/1005/1074005528.jpg?impolicy=wowsmkqiema&w=260&h=260,$105.00,,, Add to cart , Save to list 
Byron Bay Gifts Sparkling Christmas Hampers,https://www.woolworths.com.au/shop/productdetails/1074005526/byron-bay-gifts-sparkling-christmas-hampers,https://www.woolworths.com.au/content/promotiontags/everyday-market-free-shipping-v2.svg,https://assets.woolworths.com.au/images/1005/1074005526.jpg?impolicy=wowsmkqiema&w=260&h=260,$89.00,,, Add to cart , Save to list 
Byron Chai Indian Spiced Tea Bags 25pack,https://www.woolworths.com.au/shop/productdetails/1073779534/byron-chai-indian-spiced-tea-bags-25pack,,https://assets.woolworths.com.au/images/1005/1073779534.jpg?impolicy=wowsmkqiema&w=260&h=260,$10.00,,$0.40 / 1EA, Add to cart , Save to list 
Calypso Kiwi Lemonade 473mL x 12 Pack,https://www.woolworths.com.au/shop/productdetails/1073945856/calypso-kiwi-lemonade-473ml-x-12-pack,https://www.woolworths.com.au/content/promotiontags/everyday-market-free-shipping-v2.svg,https://assets.woolworths.com.au/images/1005/1073945856.jpg?impolicy=wowsmkqiema&w=260&h=260,$50.95,,$0.90 / 100ML, Add to cart , Save to list 
Calypso Pineapple Peach Limeade 473mL x 12 Pack,https://www.woolworths.com.au/shop/productdetails/1073945858/calypso-pineapple-peach-limeade-473ml-x-12-pack,https://www.woolworths.com.au/content/promotiontags/everyday-market-free-shipping-v2.svg,https://assets.woolworths.com.au/images/1005/1073945858.jpg?impolicy=wowsmkqiema&w=260&h=260,$50.95,,$0.90 / 100ML, Add to cart , Save to list 
Calypso Triple Melon Lemonade 473mL x 12 Pack,https://www.woolworths.com.au/shop/productdetails/1073945855/calypso-triple-melon-lemonade-473ml-x-12-pack,https://www.woolworths.com.au/content/promotiontags/everyday-market-free-shipping-v2.svg,https://assets.woolworths.com.au/images/1005/1073945855.jpg?impolicy=wowsmkqiema&w=260&h=260,$50.95,,$0.90 / 100ML, Add to cart , Save to list 
Celebration Gift Hamper,https://www.woolworths.com.au/shop/productdetails/1073944653/celebration-gift-hamper,https://www.woolworths.com.au/content/promotiontags/everyday-market-free-shipping-v2.svg,https://assets.woolworths.com.au/images/1005/1073944653.jpg?impolicy=wowsmkqiema&w=260&h=260,$65.00,,, Add to cart , Save to list 
Champagne & Gourmet Goodies Gourmet Food Gift Valentine's Day Hamper,https://www.woolworths.com.au/shop/productdetails/1073811817/champagne-gourmet-goodies-gourmet-food-gift-valentine-s-day-hamper,https://www.woolworths.com.au/content/promotiontags/everyday-market-free-shipping-v2.svg,https://assets.woolworths.com.au/images/1005/1073811817.jpg?impolicy=wowsmkqiema&w=260&h=260,$189.95,,, Add to cart , Save to list 
Cheeseboard & Red Gift Hamper,https://www.woolworths.com.au/shop/productdetails/1073944635/cheeseboard-red-gift-hamper,https://www.woolworths.com.au/content/promotiontags/everyday-market-free-shipping-v2.svg,https://assets.woolworths.com.au/images/1005/1073944635.jpg?impolicy=wowsmkqiema&w=260&h=260,$78.00,,, Add to cart , Save to list 
Cheeseboard & Rosé Gift Hamper,https://www.woolworths.com.au/shop/productdetails/1073944636/cheeseboard-ros-gift-hamper,https://www.woolworths.com.au/content/promotiontags/everyday-market-free-shipping-v2.svg,https://assets.woolworths.com.au/images/1005/1073944636.jpg?impolicy=wowsmkqiema&w=260&h=260,$78.00,,, Add to cart , Save to list 
Chivas Regal Scotch Gift Set,https://www.woolworths.com.au/shop/productdetails/1073934952/chivas-regal-scotch-gift-set,https://www.woolworths.com.au/content/promotiontags/everyday-market-free-shipping-v2.svg,https://assets.woolworths.com.au/images/1005/1073934952.jpg?impolicy=wowsmkqiema&w=260&h=260,$125.00,,, Add to cart , Save to list 
Christmas G.H.Mumm Sparkling ROSE Champagne 2 Bottle Ice Bucket Gift Tin Hamper,https://www.woolworths.com.au/shop/productdetails/1073968186/christmas-g-h-mumm-sparkling-rose-champagne-2-bottle-ice-bucket-gift-tin-hamper,https://www.woolworths.com.au/content/promotiontags/everyday-market-free-shipping-v2.svg,https://assets.woolworths.com.au/images/1005/1073968186.jpg?impolicy=wowsmkqiema&w=260&h=260,$209.00,,, Add to cart , Save to list 
Christmas Sauvignon Blanc & Shiraz Red & White Wine Twin Pack Gift Hamper,https://www.woolworths.com.au/shop/productdetails/1073967960/christmas-sauvignon-blanc-shiraz-red-white-wine-twin-pack-gift-hamper,https://www.woolworths.com.au/content/promotiontags/everyday-market-free-shipping-v2.svg,https://assets.woolworths.com.au/images/1005/1073967960.jpg?impolicy=wowsmkqiema&w=260&h=260,$59.99,,, Add to cart , Save to list 
Chufi Horchata Spanish Tigernut Drink Glass Bottles 6 pack of 200ml,https://www.woolworths.com.au/shop/productdetails/1074125693/chufi-horchata-spanish-tigernut-drink-glass-bottles-6-pack-of-200ml,,https://assets.woolworths.com.au/images/1005/1074125693.jpg?impolicy=wowsmkqiema&w=260&h=260,$15.50,,$1.29 / 100ML, Add to cart , Save to list 
Clif Shot Energy Gel Razz Box 24 x 34g,https://www.woolworths.com.au/shop/productdetails/1073960873/clif-shot-energy-gel-razz-box-24-x-34g,https://www.woolworths.com.au/content/promotiontags/roundel-special-200x200.png,https://assets.woolworths.com.au/images/1005/1073960873.jpg?impolicy=wowsmkqiema&w=260&h=260,$86.18,$95.76,$10.56 / 100G, Add to cart , Save to list 
Coffee Hero Colombian Decaf single origin whole beans 1kg,https://www.woolworths.com.au/shop/productdetails/1074024180/coffee-hero-colombian-decaf-single-origin-whole-beans-1kg,https://www.woolworths.com.au/content/promotiontags/everyday-market-free-shipping-v2.svg,https://assets.woolworths.com.au/images/1005/1074024180.jpg?impolicy=wowsmkqiema&w=260&h=260,$55.95,,$5.60 / 100G, Add to cart , Save to list 
Coffee Hero Colombian Decaf single origin whole beans 500g,https://www.woolworths.com.au/shop/productdetails/1074024179/coffee-hero-colombian-decaf-single-origin-whole-beans-500g,,https://assets.woolworths.com.au/images/1005/1074024179.jpg?impolicy=wowsmkqiema&w=260&h=260,$29.99,,$6.00 / 100G, Add to cart , Save to list 
Coffee Hero Ethiopia Muda Tatesa whole beans 1kg,https://www.woolworths.com.au/shop/productdetails/1074024202/coffee-hero-ethiopia-muda-tatesa-whole-beans-1kg,https://www.woolworths.com.au/content/promotiontags/everyday-market-free-shipping-v2.svg,https://assets.woolworths.com.au/images/1005/1074024202.jpg?impolicy=wowsmkqiema&w=260&h=260,$67.99,,$6.80 / 100G, Add to cart , Save to list 
Coffee Hero Ethiopia Muda Tatesa whole beans 500g,https://www.woolworths.com.au/shop/productdetails/1074024201/coffee-hero-ethiopia-muda-tatesa-whole-beans-500g,,https://assets.woolworths.com.au/images/1005/1074024201.jpg?impolicy=wowsmkqiema&w=260&h=260,$44.99,,$9.00 / 100G, Add to cart , Save to list 
Coffee Hero Peru Kontiki whole beans 250g,https://www.woolworths.com.au/shop/productdetails/1074024196/coffee-hero-peru-kontiki-whole-beans-250g,,https://assets.woolworths.com.au/images/1005/1074024196.jpg?impolicy=wowsmkqiema&w=260&h=260,$19.99,,$8.00 / 100G, Add to cart , Save to list 
Cola Cao Avena Cao Spanish Soluble Oat Drinking Chocolate 300g,https://www.woolworths.com.au/shop/productdetails/1074125698/cola-cao-avena-cao-spanish-soluble-oat-drinking-chocolate-300g,,https://assets.woolworths.com.au/images/1005/1074125698.jpg?impolicy=wowsmkqiema&w=260&h=260,$9.00,,$3.00 / 100G, Add to cart , Save to list 
Cool Corona Gift Hamper,https://www.woolworths.com.au/shop/productdetails/1073944633/cool-corona-gift-hamper,https://www.woolworths.com.au/content/promotiontags/everyday-market-free-shipping-v2.svg,https://assets.woolworths.com.au/images/1005/1073944633.jpg?impolicy=wowsmkqiema&w=260&h=260,$83.00,,, Add to cart , Save to list 
Coopers PET Beer Bottles & Caps 15 x 740mL,https://www.woolworths.com.au/shop/productdetails/1074014251/coopers-pet-beer-bottles-caps-15-x-740ml,,https://assets.woolworths.com.au/images/1005/1074014251.jpg?impolicy=wowsmkqiema&w=260&h=260,$18.00,,$18.00 / 1EA, Add to cart , Save to list 
Dole 100% Pineapple Juice 24 x 240ml,https://www.woolworths.com.au/shop/productdetails/1074032837/dole-100-pineapple-juice-24-x-240ml,https://www.woolworths.com.au/content/promotiontags/everyday-market-free-shipping-v2.svg,https://assets.woolworths.com.au/images/1005/1074032837.jpg?impolicy=wowsmkqiema&w=260&h=260,$55.99,,$2.33 / 1EA, Add to cart , Save to list 
Entertaining Craft Beer & Treats Gift Valentine's Day Hamper,https://www.woolworths.com.au/shop/productdetails/1073811814/entertaining-craft-beer-treats-gift-valentine-s-day-hamper,https://www.woolworths.com.au/content/promotiontags/everyday-market-free-shipping-v2.svg,https://assets.woolworths.com.au/images/1005/1073811814.jpg?impolicy=wowsmkqiema&w=260&h=260,$109.95,,, Add to cart , Save to list 
Espressotoria System Italian Coffee Capsules - 12 Packs,https://www.woolworths.com.au/shop/productdetails/1074128495/espressotoria-system-italian-coffee-capsules-12-packs,https://www.woolworths.com.au/content/promotiontags/everyday-market-free-shipping-v2.svg,https://assets.woolworths.com.au/images/1005/1074128495.jpg?impolicy=wowsmkqiema&w=260&h=260,$72.00,,$6.00 / 1EA, Add to cart , Save to list 
Famous Soda Co Blood Orange Soda 24 Pack x 250ml Cans,https://www.woolworths.com.au/shop/productdetails/1073903222/famous-soda-co-blood-orange-soda-24-pack-x-250ml-cans,https://www.woolworths.com.au/content/promotiontags/everyday-market-free-shipping-v2.svg,https://assets.woolworths.com.au/images/1005/1073903222.jpg?impolicy=wowsmkqiema&w=260&h=260,$54.99,,$9.17 / 1L, Add to cart , Save to list 
Famous Soda Co Cola Soda 12 Pack x 330ml Bottle,https://www.woolworths.com.au/shop/productdetails/1073902989/famous-soda-co-cola-soda-12-pack-x-330ml-bottle,,https://assets.woolworths.com.au/images/1005/1073902989.jpg?impolicy=wowsmkqiema&w=260&h=260,$46.99,,$11.87 / 1L, Add to cart , Save to list 
Frosty Gift Hamper,https://www.woolworths.com.au/shop/productdetails/1073944623/frosty-gift-hamper,https://www.woolworths.com.au/content/promotiontags/everyday-market-free-shipping-v2.svg,https://assets.woolworths.com.au/images/1005/1073944623.jpg?impolicy=wowsmkqiema&w=260&h=260,$100.00,,, Add to cart , Save to list 
G.H. Mumm Champagne & Selection Gift Valentine's Day Hamper,https://www.woolworths.com.au/shop/productdetails/1073961518/g-h-mumm-champagne-selection-gift-valentine-s-day-hamper,https://www.woolworths.com.au/content/promotiontags/everyday-market-free-shipping-v2.svg,https://assets.woolworths.com.au/images/1005/1073961518.jpg?impolicy=wowsmkqiema&w=260&h=260,$249.95,,, Add to cart , Save to list 
G.H. Mumm Champagne & The Cocoa Emporium Selection Gourmet Food Gift Valentine's Day Hamper,https://www.woolworths.com.au/shop/productdetails/1073811819/g-h-mumm-champagne-the-cocoa-emporium-selection-gourmet-food-gift-valentine-s-day-hamper,https://www.woolworths.com.au/content/promotiontags/everyday-market-free-shipping-v2.svg,https://assets.woolworths.com.au/images/1005/1073811819.jpg?impolicy=wowsmkqiema&w=260&h=260,$199.95,,, Add to cart , Save to list 
Gift Pack Duo Ginologist Floral & London Dry Gin 0% 700ml,https://www.woolworths.com.au/shop/productdetails/1073841322/gift-pack-duo-ginologist-floral-london-dry-gin-0-700ml,https://www.woolworths.com.au/content/promotiontags/roundel-special-200x200.png,https://assets.woolworths.com.au/images/1005/1073841322.jpg?impolicy=wowsmkqiema&w=260&h=260,$93.50,$110.00,, Add to cart , Save to list 
Gift Pack Duo Non-Alcoholic Sparkling Wines - Allure & Gorgeous 750ml,https://www.woolworths.com.au/shop/productdetails/1073983394/gift-pack-duo-non-alcoholic-sparkling-wines-allure-gorgeous-750ml,,https://assets.woolworths.com.au/images/1005/1073983394.jpg?impolicy=wowsmkqiema&w=260&h=260,$45.95,,, Add to cart , Save to list 
Gift Pack Duo Non-Alcoholic Wines - Allure 0% Sparkling & Lautus Sparkling Rosé 750ml,https://www.woolworths.com.au/shop/productdetails/1073922609/gift-pack-duo-non-alcoholic-wines-allure-0-sparkling-lautus-sparkling-ros-750ml,https://www.woolworths.com.au/content/promotiontags/roundel-special-200x200.png,https://assets.woolworths.com.au/images/1005/1073922609.jpg?impolicy=wowsmkqiema&w=260&h=260,$40.45,$44.95,, Add to cart , Save to list 
Gift Pack Ginologist Pudding Snowglobe 0% Gin 700ml & Ginologist Cookbook,https://www.woolworths.com.au/shop/productdetails/1073841251/gift-pack-ginologist-pudding-snowglobe-0-gin-700ml-ginologist-cookbook,https://www.woolworths.com.au/content/promotiontags/roundel-special-200x200.png,https://assets.woolworths.com.au/images/1005/1073841251.jpg?impolicy=wowsmkqiema&w=260&h=260,$71.05,$78.95,, Add to cart , Save to list 
Gift Pack Ginologist Snowglobe 0% 700ml & Christmas Baubles 4x50ml,https://www.woolworths.com.au/shop/productdetails/1073959568/gift-pack-ginologist-snowglobe-0-700ml-christmas-baubles-4x50ml,https://www.woolworths.com.au/content/promotiontags/roundel-special-200x200.png,https://assets.woolworths.com.au/images/1005/1073959568.jpg?impolicy=wowsmkqiema&w=260&h=260,$71.95,$79.95,, Add to cart , Save to list 
"Gift Pack Trio Ginologist Floral, London Dry & Christmas Pudding Snowglobe Gin 0%  700ml",https://www.woolworths.com.au/shop/productdetails/1073841256/gift-pack-trio-ginologist-floral-london-dry-christmas-pudding-snowglobe-gin-0-700ml,https://www.woolworths.com.au/content/promotiontags/roundel-special-200x200.png,https://assets.woolworths.com.au/images/1005/1073841256.jpg?impolicy=wowsmkqiema&w=260&h=260,$153.00,$170.00,, Add to cart , Save to list 
Golden Wattle Chocolate Chai Loose Leaf Tea 100g,https://www.woolworths.com.au/shop/productdetails/1073865599/golden-wattle-chocolate-chai-loose-leaf-tea-100g,https://www.woolworths.com.au/content/promotiontags/roundel-special-200x200.png,https://assets.woolworths.com.au/images/1005/1073865599.jpg?impolicy=wowsmkqiema&w=260&h=260,$12.87,$19.80,$12.87 / 100G, Add to cart , Save to list 
Golden Wattle Traditional Chai Loose Leaf Tea 100g,https://www.woolworths.com.au/shop/productdetails/1073865597/golden-wattle-traditional-chai-loose-leaf-tea-100g,https://www.woolworths.com.au/content/promotiontags/roundel-special-200x200.png,https://assets.woolworths.com.au/images/1005/1073865597.jpg?impolicy=wowsmkqiema&w=260&h=260,$12.87,$19.80,$12.87 / 100G, Add to cart , Save to list 
Gourmet Treats White Wine & Gourmet Treats Gift Valentine's Day Hamper,https://www.woolworths.com.au/shop/productdetails/1073961471/gourmet-treats-white-wine-gourmet-treats-gift-valentine-s-day-hamper,https://www.woolworths.com.au/content/promotiontags/everyday-market-free-shipping-v2.svg,https://assets.woolworths.com.au/images/1005/1073961471.jpg?impolicy=wowsmkqiema&w=260&h=260,$69.95,,, Add to cart , Save to list 
Hemp Kombucha Blueberry Hibiscus 350ml,https://www.woolworths.com.au/shop/productdetails/1073961617/hemp-kombucha-blueberry-hibiscus-350ml,,https://assets.woolworths.com.au/images/1005/1073961617.jpg?impolicy=wowsmkqiema&w=260&h=260,$29.90,,$7.12 / 1L, Add to cart , Save to list 
Hemp Kombucha Coconut & Lime 350ml,https://www.woolworths.com.au/shop/productdetails/1073961612/hemp-kombucha-coconut-lime-350ml,,https://assets.woolworths.com.au/images/1005/1073961612.jpg?impolicy=wowsmkqiema&w=260&h=260,$29.90,,$7.12 / 1L, Add to cart , Save to list 
Hemp Kombucha Ginger 350ml,https://www.woolworths.com.au/shop/productdetails/1073961614/hemp-kombucha-ginger-350ml,,https://assets.woolworths.com.au/images/1005/1073961614.jpg?impolicy=wowsmkqiema&w=260&h=260,$29.90,,$7.12 / 1L, Add to cart , Save to list 
Hemp Kombucha Mango 350ml,https://www.woolworths.com.au/shop/productdetails/1073961615/hemp-kombucha-mango-350ml,,https://assets.woolworths.com.au/images/1005/1073961615.jpg?impolicy=wowsmkqiema&w=260&h=260,$29.90,,$7.12 / 1L, Add to cart , Save to list 
Hemp Kombucha Mixed Flavours 350ml,https://www.woolworths.com.au/shop/productdetails/1073961611/hemp-kombucha-mixed-flavours-350ml,https://www.woolworths.com.au/content/promotiontags/roundel-special-200x200.png,https://assets.woolworths.com.au/images/1005/1073961611.jpg?impolicy=wowsmkqiema&w=260&h=260,$49.41,$54.90,$5.88 / 1L, Add to cart , Save to list 
Hemp Kombucha Turmeric Ginger & Pear 350ml,https://www.woolworths.com.au/shop/productdetails/1073961613/hemp-kombucha-turmeric-ginger-pear-350ml,,https://assets.woolworths.com.au/images/1005/1073961613.jpg?impolicy=wowsmkqiema&w=260&h=260,$29.90,,$7.12 / 1L, Add to cart , Save to list 
Hottea Mama Get Up And Glow 15pack,https://www.woolworths.com.au/shop/productdetails/1073807028/hottea-mama-get-up-and-glow-15pack,https://www.woolworths.com.au/content/promotiontags/roundel-special-200x200.png,https://assets.woolworths.com.au/images/1005/1073807028.jpg?impolicy=wowsmkqiema&w=260&h=260,$11.02,$15.75,$0.73 / 1EA, Add to cart , Save to list 
Hottea Mama Milk'S Up 15pack,https://www.woolworths.com.au/shop/productdetails/1073807031/hottea-mama-milk-s-up-15pack,https://www.woolworths.com.au/content/promotiontags/roundel-special-200x200.png,https://assets.woolworths.com.au/images/1005/1073807031.jpg?impolicy=wowsmkqiema&w=260&h=260,$11.02,$15.75,$0.73 / 1EA, Add to cart , Save to list 
Hottea Mama New Mama Wellness Tea Set 1pk,https://www.woolworths.com.au/shop/productdetails/1073897765/hottea-mama-new-mama-wellness-tea-set-1pk,https://www.woolworths.com.au/content/promotiontags/roundel-special-200x200.png,https://assets.woolworths.com.au/images/1005/1073897765.jpg?impolicy=wowsmkqiema&w=260&h=260,$35.80,$44.75,$35.80 / 1EA, Add to cart , Save to list 
Ideal Aussie Gift Hamper,https://www.woolworths.com.au/shop/productdetails/1073944626/ideal-aussie-gift-hamper,https://www.woolworths.com.au/content/promotiontags/everyday-market-free-shipping-v2.svg,https://assets.woolworths.com.au/images/1005/1073944626.jpg?impolicy=wowsmkqiema&w=260&h=260,$100.00,,, Add to cart , Save to list 
Illy Blend Instant Smooth Coffee 95g 3PK,https://www.woolworths.com.au/shop/productdetails/1073908268/illy-blend-instant-smooth-coffee-95g-3pk,https://www.woolworths.com.au/content/promotiontags/roundel-special-200x200.png,https://assets.woolworths.com.au/images/1005/1073908268.jpg?impolicy=wowsmkqiema&w=260&h=260,$45.05,$53.00,$15.02 / 1EA, Add to cart , Save to list 
Illy Blend Intenso Bold Roast Espresso Coffee Beans 1500g,https://www.woolworths.com.au/shop/productdetails/1074025789/illy-blend-intenso-bold-roast-espresso-coffee-beans-1500g,https://www.woolworths.com.au/content/promotiontags/roundel-special-200x200.png,https://assets.woolworths.com.au/images/1005/1074025789.jpg?impolicy=wowsmkqiema&w=260&h=260,$67.15,$79.00,, Add to cart , Save to list 
Illy Brazil iperEspresso Coffee Capsules 140g 21pc,https://www.woolworths.com.au/shop/productdetails/1073908306/illy-brazil-iperespresso-coffee-capsules-140g-21pc,https://www.woolworths.com.au/content/promotiontags/roundel-special-200x200.png,https://assets.woolworths.com.au/images/1005/1073908306.jpg?impolicy=wowsmkqiema&w=260&h=260,$25.50,$30.00,$1.21 / 1EA, Add to cart , Save to list 
Illy Classico iperEspresso Coffee Capsules 140g 21pc,https://www.woolworths.com.au/shop/productdetails/1073908207/illy-classico-iperespresso-coffee-capsules-140g-21pc,https://www.woolworths.com.au/content/promotiontags/roundel-special-200x200.png,https://assets.woolworths.com.au/images/1005/1073908207.jpg?impolicy=wowsmkqiema&w=260&h=260,$25.50,$30.00,$1.21 / 1EA, Add to cart , Save to list 
Illy Decaf Espresso Ground Coffee 250g 3PK,https://www.woolworths.com.au/shop/productdetails/1073908227/illy-decaf-espresso-ground-coffee-250g-3pk,https://www.woolworths.com.au/content/promotiontags/roundel-special-200x200.png,https://assets.woolworths.com.au/images/1005/1073908227.jpg?impolicy=wowsmkqiema&w=260&h=260,$47.60,$56.00,$15.87 / 1EA, Add to cart , Save to list 
Illy Decaf iperEspresso Coffee Capsules 140g 21pc,https://www.woolworths.com.au/shop/productdetails/1073908221/illy-decaf-iperespresso-coffee-capsules-140g-21pc,https://www.woolworths.com.au/content/promotiontags/roundel-special-200x200.png,https://assets.woolworths.com.au/images/1005/1073908221.jpg?impolicy=wowsmkqiema&w=260&h=260,$25.50,$30.00,$1.21 / 1EA, Add to cart , Save to list 
Illy Intenso Espresso Ground Coffee 250g 3PK,https://www.woolworths.com.au/shop/productdetails/1073908202/illy-intenso-espresso-ground-coffee-250g-3pk,https://www.woolworths.com.au/content/promotiontags/roundel-special-200x200.png,https://assets.woolworths.com.au/images/1005/1073908202.jpg?impolicy=wowsmkqiema&w=260&h=260,$53.55,$63.00,$17.85 / 1EA, Add to cart , Save to list 
Jarritos Mandarin 370mL x 24 Pack,https://www.woolworths.com.au/shop/productdetails/1073950490/jarritos-mandarin-370ml-x-24-pack,https://www.woolworths.com.au/content/promotiontags/everyday-market-free-shipping-v2.svg,https://assets.woolworths.com.au/images/1005/1073950490.jpg?impolicy=wowsmkqiema&w=260&h=260,$75.96,,$0.86 / 100ML, Add to cart , Save to list 
Jarritos Mango 370mL x 24 Pack,https://www.woolworths.com.au/shop/productdetails/1073950494/jarritos-mango-370ml-x-24-pack,https://www.woolworths.com.au/content/promotiontags/everyday-market-free-shipping-v2.svg,https://assets.woolworths.com.au/images/1005/1073950494.jpg?impolicy=wowsmkqiema&w=260&h=260,$75.96,,$0.86 / 100ML, Add to cart , Save to list 
Jarritos Passionfruit 370mL x 24 Pack,https://www.woolworths.com.au/shop/productdetails/1073950513/jarritos-passionfruit-370ml-x-24-pack,https://www.woolworths.com.au/content/promotiontags/everyday-market-free-shipping-v2.svg,https://assets.woolworths.com.au/images/1005/1073950513.jpg?impolicy=wowsmkqiema&w=260&h=260,$75.96,,$0.86 / 100ML, Add to cart , Save to list 
Jarritos Pineapple 370mL x 24 Pack,https://www.woolworths.com.au/shop/productdetails/1073950491/jarritos-pineapple-370ml-x-24-pack,https://www.woolworths.com.au/content/promotiontags/everyday-market-free-shipping-v2.svg,https://assets.woolworths.com.au/images/1005/1073950491.jpg?impolicy=wowsmkqiema&w=260&h=260,$75.96,,$0.86 / 100ML, Add to cart , Save to list 
Jomeis Fine Foods Add Some Spice Bundle - 360 g,https://www.woolworths.com.au/shop/productdetails/1073972405/jomeis-fine-foods-add-some-spice-bundle-360-g,https://www.woolworths.com.au/content/promotiontags/roundel-special-200x200.png,https://assets.woolworths.com.au/images/1005/1073972405.jpg?impolicy=wowsmkqiema&w=260&h=260,$39.85,$44.85,$39.85 / 1EA, Add to cart , Save to list 
Jomeis Fine Foods Cacao Latte Duo Pack - 240g,https://www.woolworths.com.au/shop/productdetails/1074001247/jomeis-fine-foods-cacao-latte-duo-pack-240g,https://www.woolworths.com.au/content/promotiontags/roundel-special-200x200.png,https://assets.woolworths.com.au/images/1005/1074001247.jpg?impolicy=wowsmkqiema&w=260&h=260,$24.95,,$10.40 / 100G, Add to cart , Save to list 
Jomeis Fine Foods Cacao Lovers Bundle - 360 g,https://www.woolworths.com.au/shop/productdetails/1073972391/jomeis-fine-foods-cacao-lovers-bundle-360-g,https://www.woolworths.com.au/content/promotiontags/roundel-special-200x200.png,https://assets.woolworths.com.au/images/1005/1073972391.jpg?impolicy=wowsmkqiema&w=260&h=260,$39.95,$44.85,$39.95 / 1EA, Add to cart , Save to list 
Jomeis Fine Foods Deep Cleanse Bundle - 360 g,https://www.woolworths.com.au/shop/productdetails/1073972407/jomeis-fine-foods-deep-cleanse-bundle-360-g,https://www.woolworths.com.au/content/promotiontags/roundel-special-200x200.png,https://assets.woolworths.com.au/images/1005/1073972407.jpg?impolicy=wowsmkqiema&w=260&h=260,$39.95,$44.85,$39.95 / 1EA, Add to cart , Save to list 
Jomeis Fine Foods Jaffa Latte Duo Pack - 240g,https://www.woolworths.com.au/shop/productdetails/1074001254/jomeis-fine-foods-jaffa-latte-duo-pack-240g,https://www.woolworths.com.au/content/promotiontags/roundel-special-200x200.png,https://assets.woolworths.com.au/images/1005/1074001254.jpg?impolicy=wowsmkqiema&w=260&h=260,$24.95,,$10.40 / 100G, Add to cart , Save to list 
Jomeis Fine Foods The Cravings Fixer Bundle - 360 g,https://www.woolworths.com.au/shop/productdetails/1073972406/jomeis-fine-foods-the-cravings-fixer-bundle-360-g,https://www.woolworths.com.au/content/promotiontags/roundel-special-200x200.png,https://assets.woolworths.com.au/images/1005/1073972406.jpg?impolicy=wowsmkqiema&w=260&h=260,$44.95,$49.95,$44.95 / 1EA, Add to cart , Save to list 
Jomeis Fine Foods Vanilla Latte Duo Pack - 240g,https://www.woolworths.com.au/shop/productdetails/1074001255/jomeis-fine-foods-vanilla-latte-duo-pack-240g,https://www.woolworths.com.au/content/promotiontags/roundel-special-200x200.png,https://assets.woolworths.com.au/images/1005/1074001255.jpg?impolicy=wowsmkqiema&w=260&h=260,$34.95,,$14.56 / 100G, Add to cart , Save to list 
Kirin Afternoon Black Tea Series Milk Tea 1.5L&nbsp;X 3Pack,https://www.woolworths.com.au/shop/productdetails/1074028338/kirin-afternoon-black-tea-series-milk-tea-1-5l-nbsp-x-3pack,,https://assets.woolworths.com.au/images/1005/1074028338.jpg?impolicy=wowsmkqiema&w=260&h=260,$25.99,,$0.01 / 1L, Add to cart , Save to list 
Kirin Afternoon Tea Lemon 500ml X 5Pack,https://www.woolworths.com.au/shop/productdetails/1074114328/kirin-afternoon-tea-lemon-500ml-x-5pack,https://www.woolworths.com.au/content/promotiontags/roundel-special-200x200.png,https://assets.woolworths.com.au/images/1005/1074114328.jpg?impolicy=wowsmkqiema&w=260&h=260,$19.99,$20.99,$4.00 / 1EA, Add to cart , Save to list 
Koda Cola Vanilla Gel Box 24pack,https://www.woolworths.com.au/shop/productdetails/1073959853/koda-cola-vanilla-gel-box-24pack,https://www.woolworths.com.au/content/promotiontags/roundel-special-200x200.png,https://assets.woolworths.com.au/images/1005/1073959853.jpg?impolicy=wowsmkqiema&w=260&h=260,$47.00,$59.00,$1.96 / 1EA, Add to cart , Save to list 
Koda Green Plum Gel Box 24pack,https://www.woolworths.com.au/shop/productdetails/1073959854/koda-green-plum-gel-box-24pack,https://www.woolworths.com.au/content/promotiontags/roundel-special-200x200.png,https://assets.woolworths.com.au/images/1005/1073959854.jpg?impolicy=wowsmkqiema&w=260&h=260,$47.00,$59.00,$1.96 / 1EA, Add to cart , Save to list 
Lavazza A Modo Mio Passionale Capsules 216 Pods,https://www.woolworths.com.au/shop/productdetails/1074044221/lavazza-a-modo-mio-passionale-capsules-216-pods,https://www.woolworths.com.au/content/promotiontags/everyday-market-free-shipping-v2.svg,https://assets.woolworths.com.au/images/1005/1074044221.jpg?impolicy=wowsmkqiema&w=260&h=260,$120.00,,$55.56 / 100EA, Add to cart , Save to list 
Lavazza A Modo Mio Rossa Capsules 216 Pods,https://www.woolworths.com.au/shop/productdetails/1074044405/lavazza-a-modo-mio-rossa-capsules-216-pods,https://www.woolworths.com.au/content/promotiontags/everyday-market-free-shipping-v2.svg,https://assets.woolworths.com.au/images/1005/1074044405.jpg?impolicy=wowsmkqiema&w=260&h=260,$120.00,,$55.56 / 100EA, Add to cart , Save to list 
Lavazza Espresso Lungo Nespresso Compatible Capsules 100 Pods,https://www.woolworths.com.au/shop/productdetails/1073982301/lavazza-espresso-lungo-nespresso-compatible-capsules-100-pods,,https://assets.woolworths.com.au/images/1005/1073982301.jpg?impolicy=wowsmkqiema&w=260&h=260,$45.00,,$45.00 / 100EA, Add to cart , Save to list 
Lavazza Qualita Rossa Nespresso Compatible Capsules 100 Pods,https://www.woolworths.com.au/shop/productdetails/1073982302/lavazza-qualita-rossa-nespresso-compatible-capsules-100-pods,,https://assets.woolworths.com.au/images/1005/1073982302.jpg?impolicy=wowsmkqiema&w=260&h=260,$45.00,,$45.00 / 100EA, Add to cart , Save to list 
Lyre's Alcohol Free Non-Alcoholic Amaretti Sour Gift Set,https://www.woolworths.com.au/shop/productdetails/1073811176/lyre-s-alcohol-free-non-alcoholic-amaretti-sour-gift-set,https://www.woolworths.com.au/content/promotiontags/everyday-market-free-shipping-v2.svg,https://assets.woolworths.com.au/images/1005/1073811176.jpg?impolicy=wowsmkqiema&w=260&h=260,$59.95,,, Add to cart , Save to list 
Lyre's Alcohol Free Non-Alcoholic Mai Tai Gift Set,https://www.woolworths.com.au/shop/productdetails/1073811170/lyre-s-alcohol-free-non-alcoholic-mai-tai-gift-set,https://www.woolworths.com.au/content/promotiontags/everyday-market-free-shipping-v2.svg,https://assets.woolworths.com.au/images/1005/1073811170.jpg?impolicy=wowsmkqiema&w=260&h=260,$134.95,,, Add to cart , Save to list 
"Lyre's Cosmopolitan Non-Alcoholic Set (Pack of 2) | Orange Sec (Triple Sec Style), White Cane Spirit Spirit (White Rum Style) | Award Winning | 700mL x 2",https://www.woolworths.com.au/shop/productdetails/1073917129/lyre-s-cosmopolitan-non-alcoholic-set-pack-of-2-orange-sec-triple-sec-style-white-cane-spirit-spirit-white-rum-style-award-winning-700ml-x-2,https://www.woolworths.com.au/content/promotiontags/roundel-special-200x200.png,https://assets.woolworths.com.au/images/1005/1073917129.jpg?impolicy=wowsmkqiema&w=260&h=260,$80.98,$89.98,, Add to cart , Save to list 
Lyre's Pink London Non-Alcoholic Spirit - Pink Gin Style | Award Winning | 700ml,https://www.woolworths.com.au/shop/productdetails/1073933362/lyre-s-pink-london-non-alcoholic-spirit-pink-gin-style-award-winning-700ml,,https://assets.woolworths.com.au/images/1005/1073933362.jpg?impolicy=wowsmkqiema&w=260&h=260,$44.99,,$6.43 / 100ML, Add to cart , Save to list 
Mecca Coffee - House Blend - Premium Specialty Coffee Beans - 2 x 250g bags,https://www.woolworths.com.au/shop/productdetails/1073919610/mecca-coffee-house-blend-premium-specialty-coffee-beans-2-x-250g-bags,,https://assets.woolworths.com.au/images/1005/1073919610.jpg?impolicy=wowsmkqiema&w=260&h=260,$34.00,,$6.80 / 100G, Add to cart , Save to list 
Mecca Coffee - House Blend - Premium Specialty Coffee Beans 1kg,https://www.woolworths.com.au/shop/productdetails/1073910822/mecca-coffee-house-blend-premium-specialty-coffee-beans-1kg,https://www.woolworths.com.au/content/promotiontags/everyday-market-free-shipping-v2.svg,https://assets.woolworths.com.au/images/1005/1073910822.jpg?impolicy=wowsmkqiema&w=260&h=260,$56.00,,$5.60 / 100G, Add to cart , Save to list 
Mecca Coffee - Moonwalker Blend - Premium Specialty Coffee Beans - 250g,https://www.woolworths.com.au/shop/productdetails/1073982205/mecca-coffee-moonwalker-blend-premium-specialty-coffee-beans-250g,,https://assets.woolworths.com.au/images/1005/1073982205.jpg?impolicy=wowsmkqiema&w=260&h=260,$17.00,,$6.80 / 100G, Add to cart , Save to list 
Mecca Coffee - Moonwalker Blend - Premium Specialty Coffee Beans 1 kg,https://www.woolworths.com.au/shop/productdetails/1073910823/mecca-coffee-moonwalker-blend-premium-specialty-coffee-beans-1-kg,https://www.woolworths.com.au/content/promotiontags/everyday-market-free-shipping-v2.svg,https://assets.woolworths.com.au/images/1005/1073910823.jpg?impolicy=wowsmkqiema&w=260&h=260,$52.00,,$5.20 / 100G, Add to cart , Save to list 
Mecca Coffee - Premium Specialty Coffee Pods - Pack of 60 Capsules,https://www.woolworths.com.au/shop/productdetails/1073918577/mecca-coffee-premium-specialty-coffee-pods-pack-of-60-capsules,https://www.woolworths.com.au/content/promotiontags/everyday-market-free-shipping-v2.svg,https://assets.woolworths.com.au/images/1005/1073918577.jpg?impolicy=wowsmkqiema&w=260&h=260,$60.00,,$1.00 / 1EA, Add to cart , Save to list 
Mecca Coffee Premium Specialty Coffee Bean Pack 2 x 250g bags,https://www.woolworths.com.au/shop/productdetails/1074011271/mecca-coffee-premium-specialty-coffee-bean-pack-2-x-250g-bags,,https://assets.woolworths.com.au/images/1005/1074011271.jpg?impolicy=wowsmkqiema&w=260&h=260,$33.00,,$6.60 / 100G, Add to cart , Save to list 
Ministry Of Tea Herbal Tea Bags Earl Grey 25S x 2pack,https://www.woolworths.com.au/shop/productdetails/1073945906/ministry-of-tea-herbal-tea-bags-earl-grey-25s-x-2pack,,https://assets.woolworths.com.au/images/1005/1073945906.jpg?impolicy=wowsmkqiema&w=260&h=260,$15.90,,$31.80 / 100EA, Add to cart , Save to list 
MirMir Organics Certified Organic English Breakfast Tea Pyramid Tea Bags 40 gm x 2 packs,https://www.woolworths.com.au/shop/productdetails/1074024571/mirmir-organics-certified-organic-english-breakfast-tea-pyramid-tea-bags-40-gm-x-2-packs,https://www.woolworths.com.au/content/promotiontags/roundel-special-200x200.png,https://assets.woolworths.com.au/images/1005/1074024571.jpg?impolicy=wowsmkqiema&w=260&h=260,$21.50,$23.50,$53.75 / 100G, Add to cart , Save to list 
MirMir Organics Certified Organic Tulsi Chamomile Tea Pyramid Tea Bags 40gm x 2 packs,https://www.woolworths.com.au/shop/productdetails/1074002168/mirmir-organics-certified-organic-tulsi-chamomile-tea-pyramid-tea-bags-40gm-x-2-packs,https://www.woolworths.com.au/content/promotiontags/roundel-special-200x200.png,https://assets.woolworths.com.au/images/1005/1074002168.jpg?impolicy=wowsmkqiema&w=260&h=260,$21.50,$23.50,$53.75 / 100G, Add to cart , Save to list 
Moet Chandon Gift Box,https://www.woolworths.com.au/shop/productdetails/1073934979/moet-chandon-gift-box,https://www.woolworths.com.au/content/promotiontags/everyday-market-free-shipping-v2.svg,https://assets.woolworths.com.au/images/1005/1073934979.jpg?impolicy=wowsmkqiema&w=260&h=260,$125.00,,, Add to cart , Save to list 
Naked Life Non-Alcoholic Caribbean Spiced 700ml,https://www.woolworths.com.au/shop/productdetails/1074020969/naked-life-non-alcoholic-caribbean-spiced-700ml,https://www.woolworths.com.au/content/promotiontags/roundel-special-200x200.png,https://assets.woolworths.com.au/images/1005/1074020969.jpg?impolicy=wowsmkqiema&w=260&h=260,$25.00,$39.95,$35.71 / 1L, Add to cart , Save to list 
Naked Life Non-Alcoholic London Dry 700ml,https://www.woolworths.com.au/shop/productdetails/1074020968/naked-life-non-alcoholic-london-dry-700ml,https://www.woolworths.com.au/content/promotiontags/roundel-special-200x200.png,https://assets.woolworths.com.au/images/1005/1074020968.jpg?impolicy=wowsmkqiema&w=260&h=260,$25.00,$39.95,$35.71 / 1L, Add to cart , Save to list 
Naked Life Non-Alcoholic Mojito 24 x 250ml Cans,https://www.woolworths.com.au/shop/productdetails/1074020972/naked-life-non-alcoholic-mojito-24-x-250ml-cans,,https://assets.woolworths.com.au/images/1005/1074020972.jpg?impolicy=wowsmkqiema&w=260&h=260,,,,, Save to list 
Naked Life Non-Alcoholic Rosé Sangria Spritz 24 x 250ml Cans,https://www.woolworths.com.au/shop/productdetails/1074020973/naked-life-non-alcoholic-ros-sangria-spritz-24-x-250ml-cans,,https://assets.woolworths.com.au/images/1005/1074020973.jpg?impolicy=wowsmkqiema&w=260&h=260,,,,, Save to list 
Naked Life Non-Alcoholic Scottish Sour 24 x 250ml Cans,https://www.woolworths.com.au/shop/productdetails/1074020959/naked-life-non-alcoholic-scottish-sour-24-x-250ml-cans,https://www.woolworths.com.au/content/promotiontags/roundel-special-200x200.png,https://assets.woolworths.com.au/images/1005/1074020959.jpg?impolicy=wowsmkqiema&w=260&h=260,$65.00,$89.95,$65.00 / 1L, Add to cart , Save to list 
"Naked Life Non-Alcoholic Spiced Caribbean, Dry & Lime 24 x 250ml Cans",https://www.woolworths.com.au/shop/productdetails/1074020962/naked-life-non-alcoholic-spiced-caribbean-dry-lime-24-x-250ml-cans,,https://assets.woolworths.com.au/images/1005/1074020962.jpg?impolicy=wowsmkqiema&w=260&h=260,,,,, Save to list 
Naked Life Premium Sugar-Free Pink Grapefruit 24 x 250ml Cans,https://www.woolworths.com.au/shop/productdetails/1074020977/naked-life-premium-sugar-free-pink-grapefruit-24-x-250ml-cans,https://www.woolworths.com.au/content/promotiontags/roundel-special-200x200.png,https://assets.woolworths.com.au/images/1005/1074020977.jpg?impolicy=wowsmkqiema&w=260&h=260,$35.96,$44.95,$35.96 / 1L, Add to cart , Save to list 
New York Cocktail Infusion Mixer - Pina Colada,https://www.woolworths.com.au/shop/productdetails/1073927488/new-york-cocktail-infusion-mixer-pina-colada,https://www.woolworths.com.au/content/promotiontags/roundel-special-200x200.png,https://assets.woolworths.com.au/images/1005/1073927488.jpg?impolicy=wowsmkqiema&w=260&h=260,$17.85,$21.00,$17.85 / 1EA, Add to cart , Save to list 
New York Cocktail Infusion Mixer On The Beach Bottle w/ Small Sieve 115g,https://www.woolworths.com.au/shop/productdetails/1073927484/new-york-cocktail-infusion-mixer-on-the-beach-bottle-w-small-sieve-115g,https://www.woolworths.com.au/content/promotiontags/roundel-special-200x200.png,https://assets.woolworths.com.au/images/1005/1073927484.jpg?impolicy=wowsmkqiema&w=260&h=260,$17.85,$21.00,$15.52 / 100G, Add to cart , Save to list 
Nongfu Mountain Spring Oriental Leaf Unsweetened Black Tea 500ml x 3Pack,https://www.woolworths.com.au/shop/productdetails/1073962815/nongfu-mountain-spring-oriental-leaf-unsweetened-black-tea-500ml-x-3pack,https://www.woolworths.com.au/content/promotiontags/roundel-special-200x200.png,https://assets.woolworths.com.au/images/1005/1073962815.jpg?impolicy=wowsmkqiema&w=260&h=260,$13.59,$15.99,$0.00 / 1ML, Add to cart , Save to list 
Nongfu Mountain Spring Oriental Leaf Unsweetened Green Tea 500ml x 3Pack,https://www.woolworths.com.au/shop/productdetails/1073960859/nongfu-mountain-spring-oriental-leaf-unsweetened-green-tea-500ml-x-3pack,https://www.woolworths.com.au/content/promotiontags/roundel-special-200x200.png,https://assets.woolworths.com.au/images/1005/1073960859.jpg?impolicy=wowsmkqiema&w=260&h=260,$13.59,$15.99,$0.45 / 100ML, Add to cart , Save to list 
Nongfu Spring Tea p Grapefruit Jasmine Tea 500ml&nbsp;X 12Pack,https://www.woolworths.com.au/shop/productdetails/1074028345/nongfu-spring-tea-p-grapefruit-jasmine-tea-500ml-nbsp-x-12pack,,https://assets.woolworths.com.au/images/1005/1074028345.jpg?impolicy=wowsmkqiema&w=260&h=260,$35.99,,$6.00 / 1L, Add to cart , Save to list 
Nongfu Spring Tea p Qingti Oolong Tea 500ml&nbsp;X 12Pack,https://www.woolworths.com.au/shop/productdetails/1074028343/nongfu-spring-tea-p-qingti-oolong-tea-500ml-nbsp-x-12pack,https://www.woolworths.com.au/content/promotiontags/roundel-special-200x200.png,https://assets.woolworths.com.au/images/1005/1074028343.jpg?impolicy=wowsmkqiema&w=260&h=260,$29.99,$33.99,$5.00 / 1L, Add to cart , Save to list 
Nongfu Spring tea p grapefruit green tea 500ml X 12Pack,https://www.woolworths.com.au/shop/productdetails/1074028346/nongfu-spring-tea-p-grapefruit-green-tea-500ml-x-12pack,https://www.woolworths.com.au/content/promotiontags/roundel-special-200x200.png,https://assets.woolworths.com.au/images/1005/1074028346.jpg?impolicy=wowsmkqiema&w=260&h=260,$27.49,$35.99,$4.58 / 1L, Add to cart , Save to list 
Old Town Authentic White Coffee White Milk Tea 12 bars 480g × 2pack,https://www.woolworths.com.au/shop/productdetails/1073962785/old-town-authentic-white-coffee-white-milk-tea-12-bars-480g-2pack,,https://assets.woolworths.com.au/images/1005/1073962785.jpg?impolicy=wowsmkqiema&w=260&h=260,$27.99,,$1.17 / 1EA, Add to cart , Save to list 
Pickle & Spice Premium Certified Organic Coffee Beans 1kg,https://www.woolworths.com.au/shop/productdetails/1073935598/pickle-spice-premium-certified-organic-coffee-beans-1kg,https://www.woolworths.com.au/content/promotiontags/roundel-special-200x200.png,https://assets.woolworths.com.au/images/1005/1073935598.jpg?impolicy=wowsmkqiema&w=260&h=260,$42.50,$44.50,$4.25 / 100G, Add to cart , Save to list 
Pickle & Spice Premium Certified Organic Coffee Beans 250g x 3 packs,https://www.woolworths.com.au/shop/productdetails/1073935596/pickle-spice-premium-certified-organic-coffee-beans-250g-x-3-packs,https://www.woolworths.com.au/content/promotiontags/roundel-special-200x200.png,https://assets.woolworths.com.au/images/1005/1073935596.jpg?impolicy=wowsmkqiema&w=260&h=260,$32.50,$34.50,$4.33 / 100G, Add to cart , Save to list 
Pickle & Spice Premium Certified Organic Medium Ground Coffee 250g x 3 packs,https://www.woolworths.com.au/shop/productdetails/1073935597/pickle-spice-premium-certified-organic-medium-ground-coffee-250g-x-3-packs,https://www.woolworths.com.au/content/promotiontags/roundel-special-200x200.png,https://assets.woolworths.com.au/images/1005/1073935597.jpg?impolicy=wowsmkqiema&w=260&h=260,$32.50,$34.50,$4.33 / 100G, Add to cart , Save to list 
Picnic For Two Gift Hamper,https://www.woolworths.com.au/shop/productdetails/1073935671/picnic-for-two-gift-hamper,https://www.woolworths.com.au/content/promotiontags/everyday-market-free-shipping-v2.svg,https://assets.woolworths.com.au/images/1005/1073935671.jpg?impolicy=wowsmkqiema&w=260&h=260,$175.00,,, Add to cart , Save to list 
Planet Organic Chai Spice 25 Tea Bags x 2pack,https://www.woolworths.com.au/shop/productdetails/1073945895/planet-organic-chai-spice-25-tea-bags-x-2pack,https://www.woolworths.com.au/content/promotiontags/roundel-special-200x200.png,https://assets.woolworths.com.au/images/1005/1073945895.jpg?impolicy=wowsmkqiema&w=260&h=260,$10.24,$12.80,$20.48 / 100EA, Add to cart , Save to list 
Planet Organic Green Tea Loose Leaf 125g x 2pk,https://www.woolworths.com.au/shop/productdetails/1073945903/planet-organic-green-tea-loose-leaf-125g-x-2pk,https://www.woolworths.com.au/content/promotiontags/roundel-special-200x200.png,https://assets.woolworths.com.au/images/1005/1073945903.jpg?impolicy=wowsmkqiema&w=260&h=260,$11.68,$14.60,$4.67 / 100G, Add to cart , Save to list 
Plus Hemp Hydrate 330ml 4pack,https://www.woolworths.com.au/shop/productdetails/1073944473/plus-hemp-hydrate-330ml-4pack,,https://assets.woolworths.com.au/images/1005/1073944473.jpg?impolicy=wowsmkqiema&w=260&h=260,$16.00,,$12.12 / 1L, Add to cart , Save to list 
Primo Caffe Coffee Ristretto Hermetic Capsules 2PK - 50pc,https://www.woolworths.com.au/shop/productdetails/1073908194/primo-caffe-coffee-ristretto-hermetic-capsules-2pk-50pc,,https://assets.woolworths.com.au/images/1005/1073908194.jpg?impolicy=wowsmkqiema&w=260&h=260,$35.00,,$0.35 / 1EA, Add to cart , Save to list 
Primo Caffe Decaf Coffee Capsules 6x 10PK,https://www.woolworths.com.au/shop/productdetails/1073908272/primo-caffe-decaf-coffee-capsules-6x-10pk,https://www.woolworths.com.au/content/promotiontags/roundel-special-200x200.png,https://assets.woolworths.com.au/images/1005/1073908272.jpg?impolicy=wowsmkqiema&w=260&h=260,$25.50,$30.00,$0.43 / 1EA, Add to cart , Save to list 
Primo Caffe Decafe Coffee Beans w/Process 1KG,https://www.woolworths.com.au/shop/productdetails/1073908205/primo-caffe-decafe-coffee-beans-w-process-1kg,,https://assets.woolworths.com.au/images/1005/1073908205.jpg?impolicy=wowsmkqiema&w=260&h=260,$39.95,,$4.00 / 100G, Add to cart , Save to list 
Primo Caffe Espresso Classico Coffee Beans 1KG 2PK,https://www.woolworths.com.au/shop/productdetails/1073908321/primo-caffe-espresso-classico-coffee-beans-1kg-2pk,,https://assets.woolworths.com.au/images/1005/1073908321.jpg?impolicy=wowsmkqiema&w=260&h=260,$49.95,,$24.98 / 1EA, Add to cart , Save to list 
Primo Caffe Fair Trade Organic Coffee Beans 1KG,https://www.woolworths.com.au/shop/productdetails/1073908211/primo-caffe-fair-trade-organic-coffee-beans-1kg,,https://assets.woolworths.com.au/images/1005/1073908211.jpg?impolicy=wowsmkqiema&w=260&h=260,$43.00,,$4.30 / 100G, Add to cart , Save to list 
Primo Caffe Forte Coffee Beans 1KG,https://www.woolworths.com.au/shop/productdetails/1073908277/primo-caffe-forte-coffee-beans-1kg,,https://assets.woolworths.com.au/images/1005/1073908277.jpg?impolicy=wowsmkqiema&w=260&h=260,$40.00,,$4.00 / 100G, Add to cart , Save to list 
Primo Caffe Forte Coffee Capsules 6x 10PK,https://www.woolworths.com.au/shop/productdetails/1073908279/primo-caffe-forte-coffee-capsules-6x-10pk,https://www.woolworths.com.au/content/promotiontags/roundel-special-200x200.png,https://assets.woolworths.com.au/images/1005/1073908279.jpg?impolicy=wowsmkqiema&w=260&h=260,$25.50,$30.00,$0.43 / 1EA, Add to cart , Save to list 
Primo Caffe Forte Ground Coffee 250g 2PK,https://www.woolworths.com.au/shop/productdetails/1073908317/primo-caffe-forte-ground-coffee-250g-2pk,,https://assets.woolworths.com.au/images/1005/1073908317.jpg?impolicy=wowsmkqiema&w=260&h=260,$29.00,,$14.50 / 1EA, Add to cart , Save to list 
Primo Caffe Maestro Coffee Beans 1KG,https://www.woolworths.com.au/shop/productdetails/1073908316/primo-caffe-maestro-coffee-beans-1kg,,https://assets.woolworths.com.au/images/1005/1073908316.jpg?impolicy=wowsmkqiema&w=260&h=260,$41.00,,$4.10 / 100G, Add to cart , Save to list 
Primo Caffe Organic Coffee Capsules 6x 10PK,https://www.woolworths.com.au/shop/productdetails/1073908290/primo-caffe-organic-coffee-capsules-6x-10pk,https://www.woolworths.com.au/content/promotiontags/roundel-special-200x200.png,https://assets.woolworths.com.au/images/1005/1073908290.jpg?impolicy=wowsmkqiema&w=260&h=260,$31.45,$37.00,$0.52 / 1EA, Add to cart , Save to list 
Primo Caffe Original Cioccolatte Powder 2PK 1KG,https://www.woolworths.com.au/shop/productdetails/1073927443/primo-caffe-original-cioccolatte-powder-2pk-1kg,,https://assets.woolworths.com.au/images/1005/1073927443.jpg?impolicy=wowsmkqiema&w=260&h=260,$28.00,,$2.80 / 100G, Add to cart , Save to list 
Primo Caffe Roma Italiano Intense Coffee Capsules 640g 120pc,https://www.woolworths.com.au/shop/productdetails/1074051231/primo-caffe-roma-italiano-intense-coffee-capsules-640g-120pc,https://www.woolworths.com.au/content/promotiontags/roundel-special-200x200.png,https://assets.woolworths.com.au/images/1005/1074051231.jpg?impolicy=wowsmkqiema&w=260&h=260,$33.15,$39.00,$27.63 / 100EA, Add to cart , Save to list 
Pukka Herbs Original Chai Tea Bags 20pack x 2,https://www.woolworths.com.au/shop/productdetails/1073961640/pukka-herbs-original-chai-tea-bags-20pack-x-2,,https://assets.woolworths.com.au/images/1005/1073961640.jpg?impolicy=wowsmkqiema&w=260&h=260,$17.50,,$0.44 / 1EA, Add to cart , Save to list 
Red Wine Gift Box,https://www.woolworths.com.au/shop/productdetails/1073944657/red-wine-gift-box,https://www.woolworths.com.au/content/promotiontags/everyday-market-free-shipping-v2.svg,https://assets.woolworths.com.au/images/1005/1073944657.jpg?impolicy=wowsmkqiema&w=260&h=260,$58.00,,, Add to cart , Save to list 
Seven Miles - Bear and the Beard - Premium Specialty Coffee Beans - 2 x 250g bags,https://www.woolworths.com.au/shop/productdetails/1073918587/seven-miles-bear-and-the-beard-premium-specialty-coffee-beans-2-x-250g-bags,,https://assets.woolworths.com.au/images/1005/1073918587.jpg?impolicy=wowsmkqiema&w=260&h=260,$34.00,,$6.80 / 100G, Add to cart , Save to list 
Seven Miles - Cat's Pyjamas Blend - Premium Specialty Coffee Beans 1 kg,https://www.woolworths.com.au/shop/productdetails/1073918584/seven-miles-cat-s-pyjamas-blend-premium-specialty-coffee-beans-1-kg,https://www.woolworths.com.au/content/promotiontags/everyday-market-free-shipping-v2.svg,https://assets.woolworths.com.au/images/1005/1073918584.jpg?impolicy=wowsmkqiema&w=260&h=260,$53.00,,$5.30 / 100G, Add to cart , Save to list 
Seven Miles - Cat's Pyjamas Blend - Premium Specialty Coffee Beans 250g,https://www.woolworths.com.au/shop/productdetails/1073982209/seven-miles-cat-s-pyjamas-blend-premium-specialty-coffee-beans-250g,,https://assets.woolworths.com.au/images/1005/1073982209.jpg?impolicy=wowsmkqiema&w=260&h=260,$17.00,,$6.80 / 100G, Add to cart , Save to list 
Seven Miles - Leaf & Berry - Fairtrade Certified Organic Premium Specialty Coffee Beans - 250g,https://www.woolworths.com.au/shop/productdetails/1073982223/seven-miles-leaf-berry-fairtrade-certified-organic-premium-specialty-coffee-beans-250g,,https://assets.woolworths.com.au/images/1005/1073982223.jpg?impolicy=wowsmkqiema&w=260&h=260,$17.00,,$6.80 / 100G, Add to cart , Save to list 
Sidewinder XPA Deluxe No Alc Beer 16 X 355ML Cans,https://www.woolworths.com.au/shop/productdetails/1073949095/sidewinder-xpa-deluxe-no-alc-beer-16-x-355ml-cans,https://www.woolworths.com.au/content/promotiontags/roundel-special-200x200.png,https://assets.woolworths.com.au/images/1005/1073949095.jpg?impolicy=wowsmkqiema&w=260&h=260,$35.00,$40.00,$0.62 / 100ML, Add to cart , Save to list 
Sparkling Wine Gift Box,https://www.woolworths.com.au/shop/productdetails/1073944662/sparkling-wine-gift-box,https://www.woolworths.com.au/content/promotiontags/everyday-market-free-shipping-v2.svg,https://assets.woolworths.com.au/images/1005/1073944662.jpg?impolicy=wowsmkqiema&w=260&h=260,$58.00,,, Add to cart , Save to list 
St Hugo Shiraz Red Wine & Greatest Gourmet Food Gift Valentine's Day Hamper,https://www.woolworths.com.au/shop/productdetails/1073811803/st-hugo-shiraz-red-wine-greatest-gourmet-food-gift-valentine-s-day-hamper,https://www.woolworths.com.au/content/promotiontags/everyday-market-free-shipping-v2.svg,https://assets.woolworths.com.au/images/1005/1073811803.jpg?impolicy=wowsmkqiema&w=260&h=260,$179.95,,, Add to cart , Save to list 
Stitch Coffee Dark Field Blend 1K - Premium Specialty Coffee,https://www.woolworths.com.au/shop/productdetails/1074052557/stitch-coffee-dark-field-blend-1k-premium-specialty-coffee,https://www.woolworths.com.au/content/promotiontags/everyday-market-free-shipping-v2.svg,https://assets.woolworths.com.au/images/1005/1074052557.jpg?impolicy=wowsmkqiema&w=260&h=260,$60.00,,$6.00 / 100G, Add to cart , Save to list 
"Stitch Coffee Decaf - Colombia, Popayan 1K - Premium Specialty Coffee",https://www.woolworths.com.au/shop/productdetails/1074052552/stitch-coffee-decaf-colombia-popayan-1k-premium-specialty-coffee,https://www.woolworths.com.au/content/promotiontags/everyday-market-free-shipping-v2.svg,https://assets.woolworths.com.au/images/1005/1074052552.jpg?impolicy=wowsmkqiema&w=260&h=260,$60.00,,$6.00 / 100G, Add to cart , Save to list 
"Stitch Coffee Decaf - Colombia, Popayan 250g - Premium Specialty Coffee",https://www.woolworths.com.au/shop/productdetails/1074052578/stitch-coffee-decaf-colombia-popayan-250g-premium-specialty-coffee,,https://assets.woolworths.com.au/images/1005/1074052578.jpg?impolicy=wowsmkqiema&w=260&h=260,$20.00,,$8.00 / 100G, Add to cart , Save to list 
Stitch Coffee Ethiopia Shinkai Steeped Coffee Bags 10pk - Premium Specialty Coffee,https://www.woolworths.com.au/shop/productdetails/1074052561/stitch-coffee-ethiopia-shinkai-steeped-coffee-bags-10pk-premium-specialty-coffee,,https://assets.woolworths.com.au/images/1005/1074052561.jpg?impolicy=wowsmkqiema&w=260&h=260,$16.00,,$1.60 / 1EA, Add to cart , Save to list 
Stitch Coffee Ethiopian Mixed Drip Bags 10pk - Premium Specialty Coffee,https://www.woolworths.com.au/shop/productdetails/1074052563/stitch-coffee-ethiopian-mixed-drip-bags-10pk-premium-specialty-coffee,,https://assets.woolworths.com.au/images/1005/1074052563.jpg?impolicy=wowsmkqiema&w=260&h=260,$23.00,,$2.30 / 1EA, Add to cart , Save to list 
Stitch Coffee Hobnob Blend 1k - Premium Specialty Coffee,https://www.woolworths.com.au/shop/productdetails/1074052555/stitch-coffee-hobnob-blend-1k-premium-specialty-coffee,https://www.woolworths.com.au/content/promotiontags/everyday-market-free-shipping-v2.svg,https://assets.woolworths.com.au/images/1005/1074052555.jpg?impolicy=wowsmkqiema&w=260&h=260,$60.00,,$6.00 / 100G, Add to cart , Save to list 
Stitch Coffee Hobnob Blend 250g - Premium Specialty Coffee,https://www.woolworths.com.au/shop/productdetails/1074052551/stitch-coffee-hobnob-blend-250g-premium-specialty-coffee,,https://assets.woolworths.com.au/images/1005/1074052551.jpg?impolicy=wowsmkqiema&w=260&h=260,$20.00,,$8.00 / 100G, Add to cart , Save to list 
Stitch Coffee Matcha Pods 10pk,https://www.woolworths.com.au/shop/productdetails/1074052570/stitch-coffee-matcha-pods-10pk,,https://assets.woolworths.com.au/images/1005/1074052570.jpg?impolicy=wowsmkqiema&w=260&h=260,$18.00,,$18.00 / 1EA, Add to cart , Save to list 
StrangeLove Mixed White Spirits 300ml Bottles - 4x4 Pack,https://www.woolworths.com.au/shop/productdetails/1073863281/strangelove-mixed-white-spirits-300ml-bottles-4x4-pack,https://www.woolworths.com.au/content/promotiontags/everyday-market-free-shipping-v2.svg,https://assets.woolworths.com.au/images/1005/1073863281.jpg?impolicy=wowsmkqiema&w=260&h=260,$50.00,,$10.42 / 1L, Add to cart , Save to list 
Taste Australia Gourmet Food Gift Valentine's Day Hamper Australian Made,https://www.woolworths.com.au/shop/productdetails/1073811816/taste-australia-gourmet-food-gift-valentine-s-day-hamper-australian-made,https://www.woolworths.com.au/content/promotiontags/everyday-market-free-shipping-v2.svg,https://assets.woolworths.com.au/images/1005/1073811816.jpg?impolicy=wowsmkqiema&w=260&h=260,$189.95,,, Add to cart , Save to list 
Tastebuds Dreaming Of Chocolate Bars and Balls Hamper,https://www.woolworths.com.au/shop/productdetails/1074023505/tastebuds-dreaming-of-chocolate-bars-and-balls-hamper,https://www.woolworths.com.au/content/promotiontags/everyday-market-free-shipping-v2.svg,https://assets.woolworths.com.au/images/1005/1074023505.jpg?impolicy=wowsmkqiema&w=260&h=260,$100.00,,, Add to cart , Save to list 
Tastebuds Ferrero Rocher Indulgence Chocolate Gift Bouquet,https://www.woolworths.com.au/shop/productdetails/1074023444/tastebuds-ferrero-rocher-indulgence-chocolate-gift-bouquet,https://www.woolworths.com.au/content/promotiontags/roundel-special-200x200.png,https://assets.woolworths.com.au/images/1005/1074023444.jpg?impolicy=wowsmkqiema&w=260&h=260,$89.00,,, Add to cart , Save to list 
Tastebuds Lindt Surprise Milk Chocolate Bouquet,https://www.woolworths.com.au/shop/productdetails/1074023447/tastebuds-lindt-surprise-milk-chocolate-bouquet,https://www.woolworths.com.au/content/promotiontags/roundel-special-200x200.png,https://assets.woolworths.com.au/images/1005/1074023447.jpg?impolicy=wowsmkqiema&w=260&h=260,$65.00,,, Add to cart , Save to list 
Tastebuds Maltese & Mars Chocolate Bar Bouquet,https://www.woolworths.com.au/shop/productdetails/1074023448/tastebuds-maltese-mars-chocolate-bar-bouquet,https://www.woolworths.com.au/content/promotiontags/roundel-special-200x200.png,https://assets.woolworths.com.au/images/1005/1074023448.jpg?impolicy=wowsmkqiema&w=260&h=260,$59.00,,, Add to cart , Save to list 
Tastebuds Snacking Chocolates With The Keto Hamper,https://www.woolworths.com.au/shop/productdetails/1074023503/tastebuds-snacking-chocolates-with-the-keto-hamper,https://www.woolworths.com.au/content/promotiontags/everyday-market-free-shipping-v2.svg,https://assets.woolworths.com.au/images/1005/1074023503.jpg?impolicy=wowsmkqiema&w=260&h=260,$119.00,,, Add to cart , Save to list 
Tastebuds Sweet Beauty Lindt & Belgian Milk Chocolate Bouquet,https://www.woolworths.com.au/shop/productdetails/1074023455/tastebuds-sweet-beauty-lindt-belgian-milk-chocolate-bouquet,https://www.woolworths.com.au/content/promotiontags/roundel-special-200x200.png,https://assets.woolworths.com.au/images/1005/1074023455.jpg?impolicy=wowsmkqiema&w=260&h=260,$49.00,,, Add to cart , Save to list 
Tea Gardens Kombucha 350ml Ginger x 48,https://www.woolworths.com.au/shop/productdetails/1073961556/tea-gardens-kombucha-350ml-ginger-x-48,https://www.woolworths.com.au/content/promotiontags/roundel-special-200x200.png,https://assets.woolworths.com.au/images/1005/1073961556.jpg?impolicy=wowsmkqiema&w=260&h=260,$62.91,$69.90,$3.74 / 1L, Add to cart , Save to list 
Tea Gardens Kombucha 350ml Pomegranate Apple x 48,https://www.woolworths.com.au/shop/productdetails/1073961555/tea-gardens-kombucha-350ml-pomegranate-apple-x-48,https://www.woolworths.com.au/content/promotiontags/roundel-special-200x200.png,https://assets.woolworths.com.au/images/1005/1073961555.jpg?impolicy=wowsmkqiema&w=260&h=260,$62.91,$69.90,$3.74 / 1L, Add to cart , Save to list 
Tea Gardens Kombucha Blueberry Hibiscus 300ml,https://www.woolworths.com.au/shop/productdetails/1073961594/tea-gardens-kombucha-blueberry-hibiscus-300ml,https://www.woolworths.com.au/content/promotiontags/roundel-special-200x200.png,https://assets.woolworths.com.au/images/1005/1073961594.jpg?impolicy=wowsmkqiema&w=260&h=260,$44.91,$49.90,$4.99 / 1L, Add to cart , Save to list 
Tea Gardens Kombucha Blueberry Hibiscus 350ml,https://www.woolworths.com.au/shop/productdetails/1073972248/tea-gardens-kombucha-blueberry-hibiscus-350ml,,https://assets.woolworths.com.au/images/1005/1073972248.jpg?impolicy=wowsmkqiema&w=260&h=260,$29.90,,$7.12 / 1L, Add to cart , Save to list 
Tea Gardens Kombucha Citrus Lemon Lime 300ml,https://www.woolworths.com.au/shop/productdetails/1073961592/tea-gardens-kombucha-citrus-lemon-lime-300ml,https://www.woolworths.com.au/content/promotiontags/roundel-special-200x200.png,https://assets.woolworths.com.au/images/1005/1073961592.jpg?impolicy=wowsmkqiema&w=260&h=260,$44.91,$49.90,$4.99 / 1L, Add to cart , Save to list 
Tea Gardens Kombucha Coconut Lime 350ml,https://www.woolworths.com.au/shop/productdetails/1073972244/tea-gardens-kombucha-coconut-lime-350ml,,https://assets.woolworths.com.au/images/1005/1073972244.jpg?impolicy=wowsmkqiema&w=260&h=260,$29.90,,$7.12 / 1L, Add to cart , Save to list 
Tea Gardens Kombucha Ginger 350ml,https://www.woolworths.com.au/shop/productdetails/1073972247/tea-gardens-kombucha-ginger-350ml,,https://assets.woolworths.com.au/images/1005/1073972247.jpg?impolicy=wowsmkqiema&w=260&h=260,$29.90,,$7.12 / 1L, Add to cart , Save to list 
Tea Gardens Kombucha Ginger 800ml,https://www.woolworths.com.au/shop/productdetails/1073961620/tea-gardens-kombucha-ginger-800ml,https://www.woolworths.com.au/content/promotiontags/roundel-special-200x200.png,https://assets.woolworths.com.au/images/1005/1073961620.jpg?impolicy=wowsmkqiema&w=260&h=260,$62.64,$69.60,$3.26 / 1L, Add to cart , Save to list 
Tea Gardens Kombucha Mango 300ml,https://www.woolworths.com.au/shop/productdetails/1073961591/tea-gardens-kombucha-mango-300ml,https://www.woolworths.com.au/content/promotiontags/roundel-special-200x200.png,https://assets.woolworths.com.au/images/1005/1073961591.jpg?impolicy=wowsmkqiema&w=260&h=260,$44.91,$49.90,$4.99 / 1L, Add to cart , Save to list 
Tea Gardens Kombucha Mango 350ml,https://www.woolworths.com.au/shop/productdetails/1073972245/tea-gardens-kombucha-mango-350ml,,https://assets.woolworths.com.au/images/1005/1073972245.jpg?impolicy=wowsmkqiema&w=260&h=260,$29.90,,$7.12 / 1L, Add to cart , Save to list 
Tea Gardens Kombucha Mixed Flavours 350ml,https://www.woolworths.com.au/shop/productdetails/1073961628/tea-gardens-kombucha-mixed-flavours-350ml,https://www.woolworths.com.au/content/promotiontags/roundel-special-200x200.png,https://assets.woolworths.com.au/images/1005/1073961628.jpg?impolicy=wowsmkqiema&w=260&h=260,$49.41,$54.90,$5.88 / 1L, Add to cart , Save to list 
Tea Gardens Kombucha Pomegranate & Apple 300ml,https://www.woolworths.com.au/shop/productdetails/1073961587/tea-gardens-kombucha-pomegranate-apple-300ml,https://www.woolworths.com.au/content/promotiontags/roundel-special-200x200.png,https://assets.woolworths.com.au/images/1005/1073961587.jpg?impolicy=wowsmkqiema&w=260&h=260,$44.91,$49.90,$4.99 / 1L, Add to cart , Save to list 
Tea Gardens Kombucha Pomegranate & Apple 350ml,https://www.woolworths.com.au/shop/productdetails/1073961609/tea-gardens-kombucha-pomegranate-apple-350ml,,https://assets.woolworths.com.au/images/1005/1073961609.jpg?impolicy=wowsmkqiema&w=260&h=260,$29.90,,$7.12 / 1L, Add to cart , Save to list 
Tea Gardens Kombucha Turmeric Ginger Pear 300ml,https://www.woolworths.com.au/shop/productdetails/1073961590/tea-gardens-kombucha-turmeric-ginger-pear-300ml,https://www.woolworths.com.au/content/promotiontags/roundel-special-200x200.png,https://assets.woolworths.com.au/images/1005/1073961590.jpg?impolicy=wowsmkqiema&w=260&h=260,$44.91,$49.90,$4.99 / 1L, Add to cart , Save to list 
Tea Gardens Kombucha Wild Berry 300ml,https://www.woolworths.com.au/shop/productdetails/1073961589/tea-gardens-kombucha-wild-berry-300ml,https://www.woolworths.com.au/content/promotiontags/roundel-special-200x200.png,https://assets.woolworths.com.au/images/1005/1073961589.jpg?impolicy=wowsmkqiema&w=260&h=260,$44.91,$49.90,$4.99 / 1L, Add to cart , Save to list 
Tea Gardens Kombucha Wild Berry 350ml,https://www.woolworths.com.au/shop/productdetails/1073961623/tea-gardens-kombucha-wild-berry-350ml,,https://assets.woolworths.com.au/images/1005/1073961623.jpg?impolicy=wowsmkqiema&w=260&h=260,$29.90,,$7.12 / 1L, Add to cart , Save to list 
Tea Gardens Probiotic Iced Tea Mixed Flavours 800ml,https://www.woolworths.com.au/shop/productdetails/1073961573/tea-gardens-probiotic-iced-tea-mixed-flavours-800ml,https://www.woolworths.com.au/content/promotiontags/roundel-special-200x200.png,https://assets.woolworths.com.au/images/1005/1073961573.jpg?impolicy=wowsmkqiema&w=260&h=260,$62.64,$69.60,$3.26 / 1L, Add to cart , Save to list 
Tea Gardens Sparkling Apple Cider Vinegar Ginger 350ml,https://www.woolworths.com.au/shop/productdetails/1073972003/tea-gardens-sparkling-apple-cider-vinegar-ginger-350ml,,https://assets.woolworths.com.au/images/1005/1073972003.jpg?impolicy=wowsmkqiema&w=260&h=260,$29.90,,$7.12 / 1L, Add to cart , Save to list 
Tea Gardens Sparkling Apple Cider Vinegar Mango 350ml,https://www.woolworths.com.au/shop/productdetails/1073961629/tea-gardens-sparkling-apple-cider-vinegar-mango-350ml,,https://assets.woolworths.com.au/images/1005/1073961629.jpg?impolicy=wowsmkqiema&w=260&h=260,$29.90,,$7.12 / 1L, Add to cart , Save to list 
Tea Gardens Sparkling Apple Cider Vinegar Mixed Flavours 350ml,https://www.woolworths.com.au/shop/productdetails/1073961622/tea-gardens-sparkling-apple-cider-vinegar-mixed-flavours-350ml,,https://assets.woolworths.com.au/images/1005/1073961622.jpg?impolicy=wowsmkqiema&w=260&h=260,$29.90,,$7.12 / 1L, Add to cart , Save to list 
The Grounds - Beanstalker - Premium Specialty Coffee Pods - Box of 60 Capsules,https://www.woolworths.com.au/shop/productdetails/1073918594/the-grounds-beanstalker-premium-specialty-coffee-pods-box-of-60-capsules,https://www.woolworths.com.au/content/promotiontags/everyday-market-free-shipping-v2.svg,https://assets.woolworths.com.au/images/1005/1073918594.jpg?impolicy=wowsmkqiema&w=260&h=260,$54.00,,, Add to cart , Save to list 
The Grounds - Huntley Blend - Premium Specialty Coffee Beans - 250g bags,https://www.woolworths.com.au/shop/productdetails/1074011235/the-grounds-huntley-blend-premium-specialty-coffee-beans-250g-bags,,https://assets.woolworths.com.au/images/1005/1074011235.jpg?impolicy=wowsmkqiema&w=260&h=260,$16.00,,$6.40 / 100G, Add to cart , Save to list 
The Hamper Emporium - Indulgent Home Essentials with Moet Hamper,https://www.woolworths.com.au/shop/productdetails/1073963069/the-hamper-emporium-indulgent-home-essentials-with-moet-hamper,https://www.woolworths.com.au/content/promotiontags/everyday-market-free-shipping-v2.svg,https://assets.woolworths.com.au/images/1005/1073963069.jpg?impolicy=wowsmkqiema&w=260&h=260,$229.00,,, Add to cart , Save to list 
The Hamper Emporium Chandon Celebration Hamper,https://www.woolworths.com.au/shop/productdetails/1073963007/the-hamper-emporium-chandon-celebration-hamper,https://www.woolworths.com.au/content/promotiontags/everyday-market-free-shipping-v2.svg,https://assets.woolworths.com.au/images/1005/1073963007.jpg?impolicy=wowsmkqiema&w=260&h=260,$99.00,,, Add to cart , Save to list 
The Hamper Emporium Foodies with Moet Hamper,https://www.woolworths.com.au/shop/productdetails/1073961290/the-hamper-emporium-foodies-with-moet-hamper,https://www.woolworths.com.au/content/promotiontags/everyday-market-free-shipping-v2.svg,https://assets.woolworths.com.au/images/1005/1073961290.jpg?impolicy=wowsmkqiema&w=260&h=260,$219.00,,, Add to cart , Save to list 
The Hamper Emporium James Squire Ale Hamper,https://www.woolworths.com.au/shop/productdetails/1073963005/the-hamper-emporium-james-squire-ale-hamper,https://www.woolworths.com.au/content/promotiontags/everyday-market-free-shipping-v2.svg,https://assets.woolworths.com.au/images/1005/1073963005.jpg?impolicy=wowsmkqiema&w=260&h=260,$99.00,,, Add to cart , Save to list 
The Hamper Emporium The Ultimate Foodies with Moet Hamper,https://www.woolworths.com.au/shop/productdetails/1073961292/the-hamper-emporium-the-ultimate-foodies-with-moet-hamper,https://www.woolworths.com.au/content/promotiontags/everyday-market-free-shipping-v2.svg,https://assets.woolworths.com.au/images/1005/1073961292.jpg?impolicy=wowsmkqiema&w=260&h=260,$249.00,,, Add to cart , Save to list 
The Organic Tea Project Chai Dust 3 Pack,https://www.woolworths.com.au/shop/productdetails/1073979635/the-organic-tea-project-chai-dust-3-pack,,https://assets.woolworths.com.au/images/1005/1073979635.jpg?impolicy=wowsmkqiema&w=260&h=260,$15.00,,$5.00 / 1EA, Add to cart , Save to list 
The Tea Collective Yoga Loose Leaf Organic Herbal Collection 100g,https://www.woolworths.com.au/shop/productdetails/1073974653/the-tea-collective-yoga-loose-leaf-organic-herbal-collection-100g,,https://assets.woolworths.com.au/images/1005/1073974653.jpg?impolicy=wowsmkqiema&w=260&h=260,$31.95,,$31.95 / 100G, Add to cart , Save to list 
Tonic Alchemy Recover Shot 90ml,https://www.woolworths.com.au/shop/productdetails/273240/tonic-alchemy-recover-shot,,https://assets.woolworths.com.au/images/1005/273240.jpg?impolicy=wowsmkqiema&w=260&h=260,$4.00,,$44.44 / 1L, Add to cart , Save to list 
Vonbee Citron & Ginger Honey Tea 2kg,https://www.woolworths.com.au/shop/productdetails/1074032882/vonbee-citron-ginger-honey-tea-2kg,,https://assets.woolworths.com.au/images/1005/1074032882.jpg?impolicy=wowsmkqiema&w=260&h=260,$42.00,,$2.10 / 100G, Add to cart , Save to list 
"Waves & Caves Lemon, Lime & Bitters 330ml x 12",https://www.woolworths.com.au/shop/productdetails/1074051800/waves-caves-lemon-lime-bitters-330ml-x-12,,https://assets.woolworths.com.au/images/1005/1074051800.jpg?impolicy=wowsmkqiema&w=260&h=260,$45.00,,$11.36 / 1L, Add to cart , Save to list 
White Wine Gift Box,https://www.woolworths.com.au/shop/productdetails/1073944661/white-wine-gift-box,https://www.woolworths.com.au/content/promotiontags/everyday-market-free-shipping-v2.svg,https://assets.woolworths.com.au/images/1005/1073944661.jpg?impolicy=wowsmkqiema&w=260&h=260,$58.00,,, Add to cart , Save to list 
Whittard of Chelsea Mint Hot Chocolate 350g,https://www.woolworths.com.au/shop/productdetails/1073961478/whittard-of-chelsea-mint-hot-chocolate-350g,,https://assets.woolworths.com.au/images/1005/1073961478.jpg?impolicy=wowsmkqiema&w=260&h=260,$19.95,,"$1,995.00 / 100G", Add to cart , Save to list 
Yun Pufa Nourishing Bag Infusion Tea Ginseng Five Flowers Pu'er Tea 15pcs*4.6g,https://www.woolworths.com.au/shop/productdetails/1073962825/yun-pufa-nourishing-bag-infusion-tea-ginseng-five-flowers-pu-er-tea-15pcs-4-6g,https://www.woolworths.com.au/content/promotiontags/roundel-special-200x200.png,https://assets.woolworths.com.au/images/1005/1073962825.jpg?impolicy=wowsmkqiema&w=260&h=260,$23.99,$27.99,$34.77 / 100G, Add to cart , Save to list 
Yunpufa Health Bag Infusion Tea Mulberry Chrysanthemum Shuangji Pu-er Tea 15pcs*3.6g,https://www.woolworths.com.au/shop/productdetails/1073962824/yunpufa-health-bag-infusion-tea-mulberry-chrysanthemum-shuangji-pu-er-tea-15pcs-3-6g,https://www.woolworths.com.au/content/promotiontags/roundel-special-200x200.png,https://assets.woolworths.com.au/images/1005/1073962824.jpg?impolicy=wowsmkqiema&w=260&h=260,$20.79,$25.99,$38.50 / 100G, Add to cart , Save to list 
rok+ Sparkling Functional Drink Chill 330ml x 8,https://www.woolworths.com.au/shop/productdetails/1074049674/rok-sparkling-functional-drink-chill-330ml-x-8,,https://assets.woolworths.com.au/images/1005/1074049674.jpg?impolicy=wowsmkqiema&w=260&h=260,$40.00,,$15.15 / 1L, Add to cart , Save to list 
Mismatch Brewing Co Zero Pale Ale 375ml,https://www.woolworths.com.au/shop/productdetails/231443/mismatch-brewing-co-zero-pale-ale,,https://assets.woolworths.com.au/images/1005/231443.jpg?impolicy=wowsmkqiema&w=260&h=260,$16.50,,$44.00 / 1L, Add to cart , Save to list 
V Energy Drink Bling 4x275ml,https://www.woolworths.com.au/shop/productdetails/620605/v-energy-drink-bling,,https://assets.woolworths.com.au/images/1005/620605.jpg?impolicy=wowsmkqiema&w=260&h=260,,,,, Save to list 
Origin Tea Sneaky Peach Sparkling Iced Tea Cans 250ml X 4 Pack,https://www.woolworths.com.au/shop/productdetails/275236/origin-tea-sneaky-peach-sparkling-iced-tea-cans,,https://assets.woolworths.com.au/images/1005/275236.jpg?impolicy=wowsmkqiema&w=260&h=260,,,,, Save to list 
Origin Tea Tropical Kiss Sparkling Iced Tea Cans 250ml X 4 Pack,https://www.woolworths.com.au/shop/productdetails/274797/origin-tea-tropical-kiss-sparkling-iced-tea-cans,,https://assets.woolworths.com.au/images/1005/274797.jpg?impolicy=wowsmkqiema&w=260&h=260,,,,, Save to list 
T2 Peach Amore Low Sugar Iced Tea Cans 240ml X 4 Pack,https://www.woolworths.com.au/shop/productdetails/275744/t2-peach-amore-low-sugar-iced-tea-cans,,https://assets.woolworths.com.au/images/1005/275744.jpg?impolicy=wowsmkqiema&w=260&h=260,,,,, Save to list 
T2 Watermelon Fiesta Low Sugar Herbal Tea Cans 240ml X 4 Pack,https://www.woolworths.com.au/shop/productdetails/275313/t2-watermelon-fiesta-low-sugar-herbal-tea-cans,,https://assets.woolworths.com.au/images/1005/275313.jpg?impolicy=wowsmkqiema&w=260&h=260,,,,, Save to list 
Devondale 100% Pure Full Cream Long Life Milk 4x1l,https://www.woolworths.com.au/shop/productdetails/868664/devondale-100-pure-full-cream-long-life-milk,,https://assets.woolworths.com.au/images/1005/868664.jpg?impolicy=wowsmkqiema&w=260&h=260,,,,, Save to list 
Devondale Skim Long Life Milk 4x1l,https://www.woolworths.com.au/shop/productdetails/868693/devondale-skim-long-life-milk,,https://assets.woolworths.com.au/images/1005/868693.jpg?impolicy=wowsmkqiema&w=260&h=260,,,,, Save to list 
Sanitarium Up&go Liquid Breakfast Vanilla 350ml,https://www.woolworths.com.au/shop/productdetails/257765/sanitarium-up-go-liquid-breakfast-vanilla,,https://assets.woolworths.com.au/images/1005/257765.jpg?impolicy=wowsmkqiema&w=260&h=260,,,,, Save to list 
Bundaberg Pineapple & Coconut 340ml X4 Pack,https://www.woolworths.com.au/shop/productdetails/826937/bundaberg-pineapple-coconut,,https://assets.woolworths.com.au/images/1005/826937.jpg?impolicy=wowsmkqiema&w=260&h=260,,,,, Save to list 
Australia's Finest Gift Hamper,https://www.woolworths.com.au/shop/productdetails/1073935673/australia-s-finest-gift-hamper,https://www.woolworths.com.au/content/promotiontags/everyday-market-free-shipping-v2.svg,https://assets.woolworths.com.au/images/1005/1073935673.jpg?impolicy=wowsmkqiema&w=260&h=260,$175.00,,, Add to cart , Save to list 
B&D Flower Tea Pineapple White Tea 2.8g*10 cups,https://www.woolworths.com.au/shop/productdetails/1073962786/b-d-flower-tea-pineapple-white-tea-2-8g-10-cups,https://www.woolworths.com.au/content/promotiontags/roundel-special-200x200.png,https://assets.woolworths.com.au/images/1005/1073962786.jpg?impolicy=wowsmkqiema&w=260&h=260,$24.59,$25.99,$2.46 / 1EA, Add to cart , Save to list 
B&D Flower Tea cup tea Lychee black tea 2.8g*10 cups,https://www.woolworths.com.au/shop/productdetails/1073960881/b-d-flower-tea-cup-tea-lychee-black-tea-2-8g-10-cups,,https://assets.woolworths.com.au/images/1005/1073960881.jpg?impolicy=wowsmkqiema&w=260&h=260,$24.99,,$89.25 / 100G, Add to cart , Save to list 
B&D Flower Tea cup tea Osmanthus sorbet tea 2.8g*10 cups,https://www.woolworths.com.au/shop/productdetails/1073962788/b-d-flower-tea-cup-tea-osmanthus-sorbet-tea-2-8g-10-cups,,https://assets.woolworths.com.au/images/1005/1073962788.jpg?impolicy=wowsmkqiema&w=260&h=260,$24.49,,$2.45 / 1EA, Add to cart , Save to list 
B&D Flower Tea cup tea Peach Oolong tea 2.8g*10 cups,https://www.woolworths.com.au/shop/productdetails/1073962787/b-d-flower-tea-cup-tea-peach-oolong-tea-2-8g-10-cups,,https://assets.woolworths.com.au/images/1005/1073962787.jpg?impolicy=wowsmkqiema&w=260&h=260,$24.49,,$2.45 / 1EA, Add to cart , Save to list 
Back Pack Shopper Gift Hamper,https://www.woolworths.com.au/shop/productdetails/1073944622/back-pack-shopper-gift-hamper,https://www.woolworths.com.au/content/promotiontags/everyday-market-free-shipping-v2.svg,https://assets.woolworths.com.au/images/1005/1073944622.jpg?impolicy=wowsmkqiema&w=260&h=260,$100.00,,, Add to cart , Save to list 
Beforeyouspeak Coffee Performance Coffee Assorted 30 serve,https://www.woolworths.com.au/shop/productdetails/1073833891/beforeyouspeak-coffee-performance-coffee-assorted-30-serve,https://www.woolworths.com.au/content/promotiontags/roundel-special-200x200.png,https://assets.woolworths.com.au/images/1005/1073833891.jpg?impolicy=wowsmkqiema&w=260&h=260,$55.96,$69.95,$1.87 / 1EA, Add to cart , Save to list 
Black & Gold Carry Box Gift Hamper,https://www.woolworths.com.au/shop/productdetails/1073944641/black-gold-carry-box-gift-hamper,https://www.woolworths.com.au/content/promotiontags/everyday-market-free-shipping-v2.svg,https://assets.woolworths.com.au/images/1005/1073944641.jpg?impolicy=wowsmkqiema&w=260&h=260,$75.00,,, Add to cart , Save to list 
Bodhi Organic Tea - Cognitivitea Memory 70 gm Loose Leaf x 2 packs,https://www.woolworths.com.au/shop/productdetails/1074001147/bodhi-organic-tea-cognitivitea-memory-70-gm-loose-leaf-x-2-packs,https://www.woolworths.com.au/content/promotiontags/roundel-special-200x200.png,https://assets.woolworths.com.au/images/1005/1074001147.jpg?impolicy=wowsmkqiema&w=260&h=260,$27.90,$29.90,$39.86 / 100G, Add to cart , Save to list 
Bodhi Organic Tea - Honestea English Breakfast 60 gm Loose Leaf x 2 packs,https://www.woolworths.com.au/shop/productdetails/1074001166/bodhi-organic-tea-honestea-english-breakfast-60-gm-loose-leaf-x-2-packs,https://www.woolworths.com.au/content/promotiontags/roundel-special-200x200.png,https://assets.woolworths.com.au/images/1005/1074001166.jpg?impolicy=wowsmkqiema&w=260&h=260,$27.90,$29.90,$46.50 / 100G, Add to cart , Save to list 
Bodhi Organic Tea - Hot Chocolatea 150 gm cylinder x 2 packs,https://www.woolworths.com.au/shop/productdetails/1074001228/bodhi-organic-tea-hot-chocolatea-150-gm-cylinder-x-2-packs,https://www.woolworths.com.au/content/promotiontags/roundel-special-200x200.png,https://assets.woolworths.com.au/images/1005/1074001228.jpg?impolicy=wowsmkqiema&w=260&h=260,$33.90,$35.90,$22.60 / 100G, Add to cart , Save to list 
Bodhi Organic Tea - Immunitea Defence 40 gm Loose Leaf x 2 packs,https://www.woolworths.com.au/shop/productdetails/1074001212/bodhi-organic-tea-immunitea-defence-40-gm-loose-leaf-x-2-packs,https://www.woolworths.com.au/content/promotiontags/roundel-special-200x200.png,https://assets.woolworths.com.au/images/1005/1074001212.jpg?impolicy=wowsmkqiema&w=260&h=260,$27.90,$29.90,$69.75 / 100G, Add to cart , Save to list 
Bodhi Organic Tea - Longevitea Antioxidant 70 gm Loose Leaf x 2 packs,https://www.woolworths.com.au/shop/productdetails/1074001223/bodhi-organic-tea-longevitea-antioxidant-70-gm-loose-leaf-x-2-packs,https://www.woolworths.com.au/content/promotiontags/roundel-special-200x200.png,https://assets.woolworths.com.au/images/1005/1074001223.jpg?impolicy=wowsmkqiema&w=260&h=260,$27.90,$29.90,$39.86 / 100G, Add to cart , Save to list 
Bodhi Organic Tea - Luminositea Turmeric Collagen Latte Powder 150gm Cylinder x 2 packs,https://www.woolworths.com.au/shop/productdetails/1074001227/bodhi-organic-tea-luminositea-turmeric-collagen-latte-powder-150gm-cylinder-x-2-packs,https://www.woolworths.com.au/content/promotiontags/roundel-special-200x200.png,https://assets.woolworths.com.au/images/1005/1074001227.jpg?impolicy=wowsmkqiema&w=260&h=260,$33.90,$35.90,$22.60 / 100G, Add to cart , Save to list 
Bodhi Organic Tea - Mother's Milk Breastfeeding Loose Leaf Tea 70 gm x 2 packs,https://www.woolworths.com.au/shop/productdetails/1074001183/bodhi-organic-tea-mother-s-milk-breastfeeding-loose-leaf-tea-70-gm-x-2-packs,https://www.woolworths.com.au/content/promotiontags/roundel-special-200x200.png,https://assets.woolworths.com.au/images/1005/1074001183.jpg?impolicy=wowsmkqiema&w=260&h=260,$27.90,$29.90,$39.86 / 100G, Add to cart , Save to list 
Bodhi Organic Tea - Posivitea Mood 70 gm Loose Leaf x 2 packs,https://www.woolworths.com.au/shop/productdetails/1074001207/bodhi-organic-tea-posivitea-mood-70-gm-loose-leaf-x-2-packs,https://www.woolworths.com.au/content/promotiontags/roundel-special-200x200.png,https://assets.woolworths.com.au/images/1005/1074001207.jpg?impolicy=wowsmkqiema&w=260&h=260,$27.90,$29.90,$39.86 / 100G, Add to cart , Save to list 
Bodhi Organic Tea - Puritea Detoxing 40 gm Loose Leaf x 2 packs,https://www.woolworths.com.au/shop/productdetails/1074001220/bodhi-organic-tea-puritea-detoxing-40-gm-loose-leaf-x-2-packs,https://www.woolworths.com.au/content/promotiontags/roundel-special-200x200.png,https://assets.woolworths.com.au/images/1005/1074001220.jpg?impolicy=wowsmkqiema&w=260&h=260,$27.90,$29.90,$69.75 / 100G, Add to cart , Save to list 
Bodhi Organic Tea - Serenitea Calming 40 gm Loose Leaf x 2 packs,https://www.woolworths.com.au/shop/productdetails/1074001215/bodhi-organic-tea-serenitea-calming-40-gm-loose-leaf-x-2-packs,https://www.woolworths.com.au/content/promotiontags/roundel-special-200x200.png,https://assets.woolworths.com.au/images/1005/1074001215.jpg?impolicy=wowsmkqiema&w=260&h=260,$27.90,$29.90,$69.75 / 100G, Add to cart , Save to list 
Bodhi Organic Tea - Vitalitea Revitalising 40 gm Loose Leaf x 2 packs,https://www.woolworths.com.au/shop/productdetails/1074001225/bodhi-organic-tea-vitalitea-revitalising-40-gm-loose-leaf-x-2-packs,https://www.woolworths.com.au/content/promotiontags/roundel-special-200x200.png,https://assets.woolworths.com.au/images/1005/1074001225.jpg?impolicy=wowsmkqiema&w=260&h=260,$27.90,$29.90,, Add to cart , Save to list 
Bodhi Organic Tea - Zestea Invigorating 70 gm Loose Leaf x 2 packs,https://www.woolworths.com.au/shop/productdetails/1074001197/bodhi-organic-tea-zestea-invigorating-70-gm-loose-leaf-x-2-packs,https://www.woolworths.com.au/content/promotiontags/roundel-special-200x200.png,https://assets.woolworths.com.au/images/1005/1074001197.jpg?impolicy=wowsmkqiema&w=260&h=260,$27.90,$29.90,, Add to cart , Save to list 
Bourbon & Red Gift Hamper,https://www.woolworths.com.au/shop/productdetails/1073935667/bourbon-red-gift-hamper,https://www.woolworths.com.au/content/promotiontags/everyday-market-free-shipping-v2.svg,https://assets.woolworths.com.au/images/1005/1073935667.jpg?impolicy=wowsmkqiema&w=260&h=260,$195.00,,, Add to cart , Save to list 
Brigalow Home Brew Super Bench Capper,https://www.woolworths.com.au/shop/productdetails/1074014219/brigalow-home-brew-super-bench-capper,https://www.woolworths.com.au/content/promotiontags/everyday-market-free-shipping-v2.svg,https://assets.woolworths.com.au/images/1005/1074014219.jpg?impolicy=wowsmkqiema&w=260&h=260,$64.00,,$64.00 / 1EA, Add to cart , Save to list 
Brown Brothers Australia's Finest Sparkling Rose,https://www.woolworths.com.au/shop/productdetails/1073961397/brown-brothers-australia-s-finest-sparkling-rose,,https://assets.woolworths.com.au/images/1005/1073961397.jpg?impolicy=wowsmkqiema&w=260&h=260,$49.00,,, Add to cart , Save to list 
Buddha Teas Organic Herbal Tea Bags Cold Weather Defense Blend 18 Pack,https://www.woolworths.com.au/shop/productdetails/1073797630/buddha-teas-organic-herbal-tea-bags-cold-weather-defense-blend-18-pack,,https://assets.woolworths.com.au/images/1005/1073797630.jpg?impolicy=wowsmkqiema&w=260&h=260,$10.00,,$0.56 / 1EA, Add to cart , Save to list 
Byron Bay Gifts Australian Wine & Chocolate Gifts,https://www.woolworths.com.au/shop/productdetails/1074005502/byron-bay-gifts-australian-wine-chocolate-gifts,https://www.woolworths.com.au/content/promotiontags/everyday-market-free-shipping-v2.svg,https://assets.woolworths.com.au/images/1005/1074005502.jpg?impolicy=wowsmkqiema&w=260&h=260,$105.00,,, Add to cart , Save to list 
Byron Bay Gifts Brookie's Gin Hamper,https://www.woolworths.com.au/shop/productdetails/1074005560/byron-bay-gifts-brookie-s-gin-hamper,https://www.woolworths.com.au/content/promotiontags/everyday-market-free-shipping-v2.svg,https://assets.woolworths.com.au/images/1005/1074005560.jpg?impolicy=wowsmkqiema&w=260&h=260,$125.00,,, Add to cart , Save to list 
Byron Bay Gifts Brookie's Xmas Gift Box,https://www.woolworths.com.au/shop/productdetails/1074005564/byron-bay-gifts-brookie-s-xmas-gift-box,https://www.woolworths.com.au/content/promotiontags/everyday-market-free-shipping-v2.svg,https://assets.woolworths.com.au/images/1005/1074005564.jpg?impolicy=wowsmkqiema&w=260&h=260,$135.00,,, Add to cart , Save to list 
Byron Bay Gifts Bubbles & Bites Hamper,https://www.woolworths.com.au/shop/productdetails/1074005505/byron-bay-gifts-bubbles-bites-hamper,https://www.woolworths.com.au/content/promotiontags/everyday-market-free-shipping-v2.svg,https://assets.woolworths.com.au/images/1005/1074005505.jpg?impolicy=wowsmkqiema&w=260&h=260,$89.00,,, Add to cart , Save to list 
Byron Bay Gifts Champagne Celebration Gift Hamper,https://www.woolworths.com.au/shop/productdetails/1074005553/byron-bay-gifts-champagne-celebration-gift-hamper,https://www.woolworths.com.au/content/promotiontags/everyday-market-free-shipping-v2.svg,https://assets.woolworths.com.au/images/1005/1074005553.jpg?impolicy=wowsmkqiema&w=260&h=260,$175.00,,, Add to cart , Save to list 
Byron Bay Gifts Chandon Christmas Spritz,https://www.woolworths.com.au/shop/productdetails/1074005603/byron-bay-gifts-chandon-christmas-spritz,https://www.woolworths.com.au/content/promotiontags/everyday-market-free-shipping-v2.svg,https://assets.woolworths.com.au/images/1005/1074005603.jpg?impolicy=wowsmkqiema&w=260&h=260,$119.00,,, Add to cart , Save to list 
Byron Bay Gifts Chardonnay & Treats Gift Hamper,https://www.woolworths.com.au/shop/productdetails/1074005518/byron-bay-gifts-chardonnay-treats-gift-hamper,https://www.woolworths.com.au/content/promotiontags/everyday-market-free-shipping-v2.svg,https://assets.woolworths.com.au/images/1005/1074005518.jpg?impolicy=wowsmkqiema&w=260&h=260,$99.00,,, Add to cart , Save to list 
Byron Bay Gifts Christmas Gift Ideas,https://www.woolworths.com.au/shop/productdetails/1074005522/byron-bay-gifts-christmas-gift-ideas,https://www.woolworths.com.au/content/promotiontags/everyday-market-free-shipping-v2.svg,https://assets.woolworths.com.au/images/1005/1074005522.jpg?impolicy=wowsmkqiema&w=260&h=260,$105.00,,, Add to cart , Save to list 
Byron Bay Gifts Christmas Hampers Australia,https://www.woolworths.com.au/shop/productdetails/1074005525/byron-bay-gifts-christmas-hampers-australia,https://www.woolworths.com.au/content/promotiontags/everyday-market-free-shipping-v2.svg,https://assets.woolworths.com.au/images/1005/1074005525.jpg?impolicy=wowsmkqiema&w=260&h=260,$149.00,,, Add to cart , Save to list 
Byron Bay Gifts Corporate Extravaganza Hamper,https://www.woolworths.com.au/shop/productdetails/1074005587/byron-bay-gifts-corporate-extravaganza-hamper,https://www.woolworths.com.au/content/promotiontags/everyday-market-free-shipping-v2.svg,https://assets.woolworths.com.au/images/1005/1074005587.jpg?impolicy=wowsmkqiema&w=260&h=260,$500.00,,, Add to cart , Save to list 
Byron Bay Gifts Corporate Xmas Hampers,https://www.woolworths.com.au/shop/productdetails/1074005539/byron-bay-gifts-corporate-xmas-hampers,https://www.woolworths.com.au/content/promotiontags/everyday-market-free-shipping-v2.svg,https://assets.woolworths.com.au/images/1005/1074005539.jpg?impolicy=wowsmkqiema&w=260&h=260,$229.00,,, Add to cart , Save to list 
Byron Bay Gifts Diner's Delight,https://www.woolworths.com.au/shop/productdetails/1074005568/byron-bay-gifts-diner-s-delight,https://www.woolworths.com.au/content/promotiontags/everyday-market-free-shipping-v2.svg,https://assets.woolworths.com.au/images/1005/1074005568.jpg?impolicy=wowsmkqiema&w=260&h=260,$159.00,,, Add to cart , Save to list 
Byron Bay Gifts Epicurean Entertainer,https://www.woolworths.com.au/shop/productdetails/1074005534/byron-bay-gifts-epicurean-entertainer,https://www.woolworths.com.au/content/promotiontags/everyday-market-free-shipping-v2.svg,https://assets.woolworths.com.au/images/1005/1074005534.jpg?impolicy=wowsmkqiema&w=260&h=260,$105.00,,, Add to cart , Save to list 
Byron Bay Gifts Festive Food Hamper,https://www.woolworths.com.au/shop/productdetails/1074005538/byron-bay-gifts-festive-food-hamper,https://www.woolworths.com.au/content/promotiontags/everyday-market-free-shipping-v2.svg,https://assets.woolworths.com.au/images/1005/1074005538.jpg?impolicy=wowsmkqiema&w=260&h=260,$175.00,,, Add to cart , Save to list 
Byron Bay Gifts Gift Ideas Gift Hamper,https://www.woolworths.com.au/shop/productdetails/1074005503/byron-bay-gifts-gift-ideas-gift-hamper,https://www.woolworths.com.au/content/promotiontags/everyday-market-free-shipping-v2.svg,https://assets.woolworths.com.au/images/1005/1074005503.jpg?impolicy=wowsmkqiema&w=260&h=260,$169.00,,, Add to cart , Save to list 
Byron Bay Gifts Gourmet Deluxe Hampers,https://www.woolworths.com.au/shop/productdetails/1074005531/byron-bay-gifts-gourmet-deluxe-hampers,https://www.woolworths.com.au/content/promotiontags/everyday-market-free-shipping-v2.svg,https://assets.woolworths.com.au/images/1005/1074005531.jpg?impolicy=wowsmkqiema&w=260&h=260,$285.00,,, Add to cart , Save to list 
Byron Bay Gifts Gourmet Food Hampers,https://www.woolworths.com.au/shop/productdetails/1074005520/byron-bay-gifts-gourmet-food-hampers,https://www.woolworths.com.au/content/promotiontags/everyday-market-free-shipping-v2.svg,https://assets.woolworths.com.au/images/1005/1074005520.jpg?impolicy=wowsmkqiema&w=260&h=260,$135.00,,, Add to cart , Save to list 
Byron Bay Gifts Ink Gin Hamper,https://www.woolworths.com.au/shop/productdetails/1074005562/byron-bay-gifts-ink-gin-hamper,https://www.woolworths.com.au/content/promotiontags/everyday-market-free-shipping-v2.svg,https://assets.woolworths.com.au/images/1005/1074005562.jpg?impolicy=wowsmkqiema&w=260&h=260,$195.00,,, Add to cart , Save to list 
Byron Bay Gifts Premium Beer Box,https://www.woolworths.com.au/shop/productdetails/1074005504/byron-bay-gifts-premium-beer-box,https://www.woolworths.com.au/content/promotiontags/everyday-market-free-shipping-v2.svg,https://assets.woolworths.com.au/images/1005/1074005504.jpg?impolicy=wowsmkqiema&w=260&h=260,$105.00,,, Add to cart , Save to list 
Byron Bay Gifts Premium Gift Hampers,https://www.woolworths.com.au/shop/productdetails/1074005521/byron-bay-gifts-premium-gift-hampers,https://www.woolworths.com.au/content/promotiontags/everyday-market-free-shipping-v2.svg,https://assets.woolworths.com.au/images/1005/1074005521.jpg?impolicy=wowsmkqiema&w=260&h=260,$259.00,,, Add to cart , Save to list 
Byron Bay Gifts Prosecco Christmas Hamper,https://www.woolworths.com.au/shop/productdetails/1074005573/byron-bay-gifts-prosecco-christmas-hamper,https://www.woolworths.com.au/content/promotiontags/everyday-market-free-shipping-v2.svg,https://assets.woolworths.com.au/images/1005/1074005573.jpg?impolicy=wowsmkqiema&w=260&h=260,$99.00,,, Add to cart , Save to list 
Byron Bay Gifts Rosé Christmas Hamper,https://www.woolworths.com.au/shop/productdetails/1074005575/byron-bay-gifts-ros-christmas-hamper,https://www.woolworths.com.au/content/promotiontags/everyday-market-free-shipping-v2.svg,https://assets.woolworths.com.au/images/1005/1074005575.jpg?impolicy=wowsmkqiema&w=260&h=260,$99.00,,, Add to cart , Save to list 
Byron Bay Gifts Rosé Wine Pamper Hamper,https://www.woolworths.com.au/shop/productdetails/1074005572/byron-bay-gifts-ros-wine-pamper-hamper,https://www.woolworths.com.au/content/promotiontags/everyday-market-free-shipping-v2.svg,https://assets.woolworths.com.au/images/1005/1074005572.jpg?impolicy=wowsmkqiema&w=260&h=260,$139.00,,, Add to cart , Save to list 
Byron Bay Gifts Stone & Wood Beer Box,https://www.woolworths.com.au/shop/productdetails/1074005555/byron-bay-gifts-stone-wood-beer-box,https://www.woolworths.com.au/content/promotiontags/everyday-market-free-shipping-v2.svg,https://assets.woolworths.com.au/images/1005/1074005555.jpg?impolicy=wowsmkqiema&w=260&h=260,$109.00,,, Add to cart , Save to list 
Byron Bay Gifts Thank You Christmas Hampers,https://www.woolworths.com.au/shop/productdetails/1074005527/byron-bay-gifts-thank-you-christmas-hampers,https://www.woolworths.com.au/content/promotiontags/everyday-market-free-shipping-v2.svg,https://assets.woolworths.com.au/images/1005/1074005527.jpg?impolicy=wowsmkqiema&w=260&h=260,$109.00,,, Add to cart , Save to list 
Byron Bay Gifts Veuve Champagne & Relax Gift Hamper,https://www.woolworths.com.au/shop/productdetails/1074005556/byron-bay-gifts-veuve-champagne-relax-gift-hamper,https://www.woolworths.com.au/content/promotiontags/everyday-market-free-shipping-v2.svg,https://assets.woolworths.com.au/images/1005/1074005556.jpg?impolicy=wowsmkqiema&w=260&h=260,$195.00,,, Add to cart , Save to list 
Byron Bay Gifts Veuve Xmas Gift Hampers,https://www.woolworths.com.au/shop/productdetails/1074005524/byron-bay-gifts-veuve-xmas-gift-hampers,https://www.woolworths.com.au/content/promotiontags/everyday-market-free-shipping-v2.svg,https://assets.woolworths.com.au/images/1005/1074005524.jpg?impolicy=wowsmkqiema&w=260&h=260,$239.00,,, Add to cart , Save to list 
Byron Bay Gifts Wine & Dine Gift Hamper,https://www.woolworths.com.au/shop/productdetails/1074005532/byron-bay-gifts-wine-dine-gift-hamper,https://www.woolworths.com.au/content/promotiontags/everyday-market-free-shipping-v2.svg,https://assets.woolworths.com.au/images/1005/1074005532.jpg?impolicy=wowsmkqiema&w=260&h=260,$105.00,,, Add to cart , Save to list 
Byron Bay Gifts Wine Gift Hampers,https://www.woolworths.com.au/shop/productdetails/1074005517/byron-bay-gifts-wine-gift-hampers,https://www.woolworths.com.au/content/promotiontags/everyday-market-free-shipping-v2.svg,https://assets.woolworths.com.au/images/1005/1074005517.jpg?impolicy=wowsmkqiema&w=260&h=260,$129.00,,, Add to cart , Save to list 
Byron Bay Gifts Wine of Australia Gift Hamper,https://www.woolworths.com.au/shop/productdetails/1074005602/byron-bay-gifts-wine-of-australia-gift-hamper,https://www.woolworths.com.au/content/promotiontags/everyday-market-free-shipping-v2.svg,https://assets.woolworths.com.au/images/1005/1074005602.jpg?impolicy=wowsmkqiema&w=260&h=260,$109.00,,, Add to cart , Save to list 
Cabernet Sauvignon Red Wine & Greatest Gourmet Gift Valentine's Day Hamper,https://www.woolworths.com.au/shop/productdetails/1073961473/cabernet-sauvignon-red-wine-greatest-gourmet-gift-valentine-s-day-hamper,https://www.woolworths.com.au/content/promotiontags/everyday-market-free-shipping-v2.svg,https://assets.woolworths.com.au/images/1005/1073961473.jpg?impolicy=wowsmkqiema&w=260&h=260,$149.95,,, Add to cart , Save to list 
Christmas Barossan Besties Red Wine Shiraz Gift Hamper,https://www.woolworths.com.au/shop/productdetails/1073968115/christmas-barossan-besties-red-wine-shiraz-gift-hamper,https://www.woolworths.com.au/content/promotiontags/everyday-market-free-shipping-v2.svg,https://assets.woolworths.com.au/images/1005/1073968115.jpg?impolicy=wowsmkqiema&w=260&h=260,$69.99,,, Add to cart , Save to list 
Christmas Chapel Hill Al Fresco Table Red Wine Shiraz Gift Hamper,https://www.woolworths.com.au/shop/productdetails/1073964178/christmas-chapel-hill-al-fresco-table-red-wine-shiraz-gift-hamper,https://www.woolworths.com.au/content/promotiontags/everyday-market-free-shipping-v2.svg,https://assets.woolworths.com.au/images/1005/1073964178.jpg?impolicy=wowsmkqiema&w=260&h=260,$169.00,,, Add to cart , Save to list 
Christmas Four Pillars Martini Olive Leave Gin Gift Hamper,https://www.woolworths.com.au/shop/productdetails/1073964149/christmas-four-pillars-martini-olive-leave-gin-gift-hamper,https://www.woolworths.com.au/content/promotiontags/everyday-market-free-shipping-v2.svg,https://assets.woolworths.com.au/images/1005/1073964149.jpg?impolicy=wowsmkqiema&w=260&h=260,$199.99,,, Add to cart , Save to list 
Christmas G.H.Mumm Sparkling Wine 2 Bottle Ice Bucket Gift Tin Hamper,https://www.woolworths.com.au/shop/productdetails/1073968187/christmas-g-h-mumm-sparkling-wine-2-bottle-ice-bucket-gift-tin-hamper,https://www.woolworths.com.au/content/promotiontags/everyday-market-free-shipping-v2.svg,https://assets.woolworths.com.au/images/1005/1073968187.jpg?impolicy=wowsmkqiema&w=260&h=260,$150.00,,, Add to cart , Save to list 
Christmas Isabel Estate Sauvignon Blanc Pinot Gris White Wine Gift Hamper,https://www.woolworths.com.au/shop/productdetails/1073968182/christmas-isabel-estate-sauvignon-blanc-pinot-gris-white-wine-gift-hamper,https://www.woolworths.com.au/content/promotiontags/everyday-market-free-shipping-v2.svg,https://assets.woolworths.com.au/images/1005/1073968182.jpg?impolicy=wowsmkqiema&w=260&h=260,$119.00,,, Add to cart , Save to list 
Chritsmas Mumm Sparkling Wine & Nibbles Gourmet Food Gift Valentine's Day Hamper,https://www.woolworths.com.au/shop/productdetails/1073961519/chritsmas-mumm-sparkling-wine-nibbles-gourmet-food-gift-valentine-s-day-hamper,https://www.woolworths.com.au/content/promotiontags/everyday-market-free-shipping-v2.svg,https://assets.woolworths.com.au/images/1005/1073961519.jpg?impolicy=wowsmkqiema&w=260&h=260,$159.95,,, Add to cart , Save to list 
Classic Aussie Crate Gift Hamper,https://www.woolworths.com.au/shop/productdetails/1073944624/classic-aussie-crate-gift-hamper,https://www.woolworths.com.au/content/promotiontags/everyday-market-free-shipping-v2.svg,https://assets.woolworths.com.au/images/1005/1073944624.jpg?impolicy=wowsmkqiema&w=260&h=260,$100.00,,, Add to cart , Save to list 
Classic Tote Gift Hamper,https://www.woolworths.com.au/shop/productdetails/1073944629/classic-tote-gift-hamper,https://www.woolworths.com.au/content/promotiontags/everyday-market-free-shipping-v2.svg,https://assets.woolworths.com.au/images/1005/1073944629.jpg?impolicy=wowsmkqiema&w=260&h=260,$95.00,,, Add to cart , Save to list 
Coffee Hero Ethiopia Guji Grade whole beans 1kg,https://www.woolworths.com.au/shop/productdetails/1074024186/coffee-hero-ethiopia-guji-grade-whole-beans-1kg,https://www.woolworths.com.au/content/promotiontags/everyday-market-free-shipping-v2.svg,https://assets.woolworths.com.au/images/1005/1074024186.jpg?impolicy=wowsmkqiema&w=260&h=260,$57.99,,$5.80 / 100G, Add to cart , Save to list 
Coffee Hero Ethiopia Guji Grade whole beans 500g,https://www.woolworths.com.au/shop/productdetails/1074024185/coffee-hero-ethiopia-guji-grade-whole-beans-500g,,https://assets.woolworths.com.au/images/1005/1074024185.jpg?impolicy=wowsmkqiema&w=260&h=260,$32.99,,$6.60 / 100G, Add to cart , Save to list 
Coffee Hero Ethiopia Muda Tatesa whole beans 250g,https://www.woolworths.com.au/shop/productdetails/1074024197/coffee-hero-ethiopia-muda-tatesa-whole-beans-250g,,https://assets.woolworths.com.au/images/1005/1074024197.jpg?impolicy=wowsmkqiema&w=260&h=260,$28.99,,$11.55 / 100G, Add to cart , Save to list 
Coffee Hero Guatemala Bella Vista whole beans 1kg,https://www.woolworths.com.au/shop/productdetails/1074024195/coffee-hero-guatemala-bella-vista-whole-beans-1kg,https://www.woolworths.com.au/content/promotiontags/everyday-market-free-shipping-v2.svg,https://assets.woolworths.com.au/images/1005/1074024195.jpg?impolicy=wowsmkqiema&w=260&h=260,$57.99,,$5.80 / 100G, Add to cart , Save to list 
Coffee Hero Guatemala Bella Vista whole beans 500g,https://www.woolworths.com.au/shop/productdetails/1074024194/coffee-hero-guatemala-bella-vista-whole-beans-500g,,https://assets.woolworths.com.au/images/1005/1074024194.jpg?impolicy=wowsmkqiema&w=260&h=260,$29.99,,$6.00 / 100G, Add to cart , Save to list 
Coffee Hero Kenya Gachuiro whole beans 500g,https://www.woolworths.com.au/shop/productdetails/1074024188/coffee-hero-kenya-gachuiro-whole-beans-500g,,https://assets.woolworths.com.au/images/1005/1074024188.jpg?impolicy=wowsmkqiema&w=260&h=260,$44.99,,$9.00 / 100G, Add to cart , Save to list 
Coffee Hero Kickstart whole beans 1kg,https://www.woolworths.com.au/shop/productdetails/1074024174/coffee-hero-kickstart-whole-beans-1kg,https://www.woolworths.com.au/content/promotiontags/everyday-market-free-shipping-v2.svg,https://assets.woolworths.com.au/images/1005/1074024174.jpg?impolicy=wowsmkqiema&w=260&h=260,$59.99,,$12.00 / 100G, Add to cart , Save to list 
Coffee Hero Peru Kontiki whole beans 1kg,https://www.woolworths.com.au/shop/productdetails/1074024200/coffee-hero-peru-kontiki-whole-beans-1kg,https://www.woolworths.com.au/content/promotiontags/everyday-market-free-shipping-v2.svg,https://assets.woolworths.com.au/images/1005/1074024200.jpg?impolicy=wowsmkqiema&w=260&h=260,$59.99,,$6.00 / 100G, Add to cart , Save to list 
Coffee Hero Sincity whole beans 1kg,https://www.woolworths.com.au/shop/productdetails/1074024177/coffee-hero-sincity-whole-beans-1kg,https://www.woolworths.com.au/content/promotiontags/everyday-market-free-shipping-v2.svg,https://assets.woolworths.com.au/images/1005/1074024177.jpg?impolicy=wowsmkqiema&w=260&h=260,$55.99,,$5.60 / 100G, Add to cart , Save to list 
Coffee Hero Sincity whole beans 500g,https://www.woolworths.com.au/shop/productdetails/1074024176/coffee-hero-sincity-whole-beans-500g,,https://assets.woolworths.com.au/images/1005/1074024176.jpg?impolicy=wowsmkqiema&w=260&h=260,$28.99,,$5.80 / 100G, Add to cart , Save to list 
Coffee Hero Smooth Operator whole beans 1kg,https://www.woolworths.com.au/shop/productdetails/1074024171/coffee-hero-smooth-operator-whole-beans-1kg,https://www.woolworths.com.au/content/promotiontags/everyday-market-free-shipping-v2.svg,https://assets.woolworths.com.au/images/1005/1074024171.jpg?impolicy=wowsmkqiema&w=260&h=260,$59.95,,$6.00 / 100G, Add to cart , Save to list 
Coffee Hero Tanzania Olturoto whole beans 1kg,https://www.woolworths.com.au/shop/productdetails/1074024192/coffee-hero-tanzania-olturoto-whole-beans-1kg,https://www.woolworths.com.au/content/promotiontags/everyday-market-free-shipping-v2.svg,https://assets.woolworths.com.au/images/1005/1074024192.jpg?impolicy=wowsmkqiema&w=260&h=260,$62.99,,$6.30 / 100G, Add to cart , Save to list 
Coffee Hero Tanzania Olturoto whole beans 500g,https://www.woolworths.com.au/shop/productdetails/1074024191/coffee-hero-tanzania-olturoto-whole-beans-500g,,https://assets.woolworths.com.au/images/1005/1074024191.jpg?impolicy=wowsmkqiema&w=260&h=260,$32.99,,$6.60 / 100G, Add to cart , Save to list 
Connoisseur Gift Hamper,https://www.woolworths.com.au/shop/productdetails/1073935672/connoisseur-gift-hamper,https://www.woolworths.com.au/content/promotiontags/everyday-market-free-shipping-v2.svg,https://assets.woolworths.com.au/images/1005/1073935672.jpg?impolicy=wowsmkqiema&w=260&h=260,$175.00,,, Add to cart , Save to list 
Coopers DIY Beer Brew Box,https://www.woolworths.com.au/shop/productdetails/1074014295/coopers-diy-beer-brew-box,https://www.woolworths.com.au/content/promotiontags/everyday-market-free-shipping-v2.svg,https://assets.woolworths.com.au/images/1005/1074014295.jpg?impolicy=wowsmkqiema&w=260&h=260,$75.00,,$75.00 / 1EA, Add to cart , Save to list 
Coopers DIY Beer Brew Kit,https://www.woolworths.com.au/shop/productdetails/1074014224/coopers-diy-beer-brew-kit,https://www.woolworths.com.au/content/promotiontags/roundel-special-200x200.png,https://assets.woolworths.com.au/images/1005/1074014224.jpg?impolicy=wowsmkqiema&w=260&h=260,$99.00,,$99.00 / 1EA, Add to cart , Save to list 
Coopers Light Dry Malt 500g,https://www.woolworths.com.au/shop/productdetails/1074014209/coopers-light-dry-malt-500g,,https://assets.woolworths.com.au/images/1005/1074014209.jpg?impolicy=wowsmkqiema&w=260&h=260,$11.00,,$11.00 / 1EA, Add to cart , Save to list 
Craft A Brew Handcrafted Botanical Blend Gin Kit w/ Bottles/Corked,https://www.woolworths.com.au/shop/productdetails/1074165329/craft-a-brew-handcrafted-botanical-blend-gin-kit-w-bottles-corked,https://www.woolworths.com.au/content/promotiontags/roundel-special-200x200.png,https://assets.woolworths.com.au/images/1005/1074165329.jpg?impolicy=wowsmkqiema&w=260&h=260,$75.65,,$75.65 / 1EA, Add to cart , Save to list 
De Feng Tea Anxi Tieguanyin Oolong Tea 7g*24bag 168g,https://www.woolworths.com.au/shop/productdetails/1074034730/de-feng-tea-anxi-tieguanyin-oolong-tea-7g-24bag-168g,https://www.woolworths.com.au/content/promotiontags/roundel-special-200x200.png,https://assets.woolworths.com.au/images/1005/1074034730.jpg?impolicy=wowsmkqiema&w=260&h=260,$83.99,$89.99,$3.50 / 1EA, Add to cart , Save to list 
Di Stefano Coffee Beans 109 Speciality Blend 250g 2PK,https://www.woolworths.com.au/shop/productdetails/1074025800/di-stefano-coffee-beans-109-speciality-blend-250g-2pk,https://www.woolworths.com.au/content/promotiontags/roundel-special-200x200.png,https://assets.woolworths.com.au/images/1005/1074025800.jpg?impolicy=wowsmkqiema&w=260&h=260,$33.15,$39.00,$16.58 / 1EA, Add to cart , Save to list 
Di Stefano Coffee Beans 1820 Blend 250g 2PK,https://www.woolworths.com.au/shop/productdetails/1074051214/di-stefano-coffee-beans-1820-blend-250g-2pk,https://www.woolworths.com.au/content/promotiontags/roundel-special-200x200.png,https://assets.woolworths.com.au/images/1005/1074051214.jpg?impolicy=wowsmkqiema&w=260&h=260,$33.15,$39.00,$16.58 / 1EA, Add to cart , Save to list 
Di Stefano Coffee Capsules 1820 Blend 60pc 54g,https://www.woolworths.com.au/shop/productdetails/1074025858/di-stefano-coffee-capsules-1820-blend-60pc-54g,https://www.woolworths.com.au/content/promotiontags/roundel-special-200x200.png,https://assets.woolworths.com.au/images/1005/1074025858.jpg?impolicy=wowsmkqiema&w=260&h=260,$55.25,$65.00,$92.08 / 100EA, Add to cart , Save to list 
Di Stefano Coffee Capsules Speciality Blend 109 60pc 54g,https://www.woolworths.com.au/shop/productdetails/1074025834/di-stefano-coffee-capsules-speciality-blend-109-60pc-54g,https://www.woolworths.com.au/content/promotiontags/roundel-special-200x200.png,https://assets.woolworths.com.au/images/1005/1074025834.jpg?impolicy=wowsmkqiema&w=260&h=260,$52.70,$62.00,$87.83 / 100EA, Add to cart , Save to list 
Di Stefano Decaf Coffee Capsules/Pod Decaffeinato 10pc 54g,https://www.woolworths.com.au/shop/productdetails/1074025865/di-stefano-decaf-coffee-capsules-pod-decaffeinato-10pc-54g,https://www.woolworths.com.au/content/promotiontags/roundel-special-200x200.png,https://assets.woolworths.com.au/images/1005/1074025865.jpg?impolicy=wowsmkqiema&w=260&h=260,$17.00,$20.00,$1.70 / 1EA, Add to cart , Save to list 
Dinkum Delights Gift Hamper,https://www.woolworths.com.au/shop/productdetails/1073944632/dinkum-delights-gift-hamper,https://www.woolworths.com.au/content/promotiontags/everyday-market-free-shipping-v2.svg,https://assets.woolworths.com.au/images/1005/1073944632.jpg?impolicy=wowsmkqiema&w=260&h=260,$85.00,,, Add to cart , Save to list 
Elite Instant Coffee 200g,https://www.woolworths.com.au/shop/productdetails/1074032749/elite-instant-coffee-200g,,https://assets.woolworths.com.au/images/1005/1074032749.jpg?impolicy=wowsmkqiema&w=260&h=260,$37.49,,$18.75 / 100G, Add to cart , Save to list 
Elite Instant Mocha Coffee 200g,https://www.woolworths.com.au/shop/productdetails/1074032871/elite-instant-mocha-coffee-200g,,https://assets.woolworths.com.au/images/1005/1074032871.jpg?impolicy=wowsmkqiema&w=260&h=260,$37.49,,$18.75 / 100G, Add to cart , Save to list 
Elite Instant Vanilla Coffee 200g,https://www.woolworths.com.au/shop/productdetails/1074032892/elite-instant-vanilla-coffee-200g,,https://assets.woolworths.com.au/images/1005/1074032892.jpg?impolicy=wowsmkqiema&w=260&h=260,$37.49,,$18.75 / 100G, Add to cart , Save to list 
Espressotoria System Decaf Coffee Capsules - 12 Packs,https://www.woolworths.com.au/shop/productdetails/1074128475/espressotoria-system-decaf-coffee-capsules-12-packs,https://www.woolworths.com.au/content/promotiontags/everyday-market-free-shipping-v2.svg,https://assets.woolworths.com.au/images/1005/1074128475.jpg?impolicy=wowsmkqiema&w=260&h=260,$72.00,,$6.00 / 1EA, Add to cart , Save to list 
Espressotoria System Latte Coffee Capsules - 12 Packs,https://www.woolworths.com.au/shop/productdetails/1074128496/espressotoria-system-latte-coffee-capsules-12-packs,https://www.woolworths.com.au/content/promotiontags/everyday-market-free-shipping-v2.svg,https://assets.woolworths.com.au/images/1005/1074128496.jpg?impolicy=wowsmkqiema&w=260&h=260,$72.00,,$6.00 / 1EA, Add to cart , Save to list 
Espressotoria System Maragogype Coffee Capsules - 12 Packs,https://www.woolworths.com.au/shop/productdetails/1074128497/espressotoria-system-maragogype-coffee-capsules-12-packs,https://www.woolworths.com.au/content/promotiontags/everyday-market-free-shipping-v2.svg,https://assets.woolworths.com.au/images/1005/1074128497.jpg?impolicy=wowsmkqiema&w=260&h=260,$72.00,,$6.00 / 1EA, Add to cart , Save to list 
Espressotoria System Mountain Grown Coffee Capsules -12 Packs,https://www.woolworths.com.au/shop/productdetails/1074128642/espressotoria-system-mountain-grown-coffee-capsules-12-packs,https://www.woolworths.com.au/content/promotiontags/everyday-market-free-shipping-v2.svg,https://assets.woolworths.com.au/images/1005/1074128642.jpg?impolicy=wowsmkqiema&w=260&h=260,$72.00,,$6.00 / 1EA, Add to cart , Save to list 
Espressotoria System Organic Coffee Capsules - 12 Packs,https://www.woolworths.com.au/shop/productdetails/1074154187/espressotoria-system-organic-coffee-capsules-12-packs,https://www.woolworths.com.au/content/promotiontags/everyday-market-free-shipping-v2.svg,https://assets.woolworths.com.au/images/1005/1074154187.jpg?impolicy=wowsmkqiema&w=260&h=260,$72.00,,$6.00 / 1EA, Add to cart , Save to list 
Espressotoria System Oro Coffee Capsules - 12 Packs,https://www.woolworths.com.au/shop/productdetails/1074128630/espressotoria-system-oro-coffee-capsules-12-packs,https://www.woolworths.com.au/content/promotiontags/everyday-market-free-shipping-v2.svg,https://assets.woolworths.com.au/images/1005/1074128630.jpg?impolicy=wowsmkqiema&w=260&h=260,$72.00,,$6.00 / 1EA, Add to cart , Save to list 
Fijian Noni Juice 100% 1l,https://www.woolworths.com.au/shop/productdetails/1073779153/fijian-noni-juice-100-1l,,https://assets.woolworths.com.au/images/1005/1073779153.jpg?impolicy=wowsmkqiema&w=260&h=260,$44.60,,$4.46 / 100ML, Add to cart , Save to list 
Finest Gourmet with White Wine,https://www.woolworths.com.au/shop/productdetails/1073961525/finest-gourmet-with-white-wine,https://www.woolworths.com.au/content/promotiontags/everyday-market-free-shipping-v2.svg,https://assets.woolworths.com.au/images/1005/1073961525.jpg?impolicy=wowsmkqiema&w=260&h=260,$139.95,,, Add to cart , Save to list 
G.H.Mumm Champagne & Premium Chocolate Gift Valentine's Day Hamper,https://www.woolworths.com.au/shop/productdetails/1073811818/g-h-mumm-champagne-premium-chocolate-gift-valentine-s-day-hamper,https://www.woolworths.com.au/content/promotiontags/everyday-market-free-shipping-v2.svg,https://assets.woolworths.com.au/images/1005/1073811818.jpg?impolicy=wowsmkqiema&w=260&h=260,$209.95,,, Add to cart , Save to list 
G.H.Mumm Premium Champagne & Nibbles Gift Valentine's Day Hamper,https://www.woolworths.com.au/shop/productdetails/1073811820/g-h-mumm-premium-champagne-nibbles-gift-valentine-s-day-hamper,https://www.woolworths.com.au/content/promotiontags/everyday-market-free-shipping-v2.svg,https://assets.woolworths.com.au/images/1005/1073811820.jpg?impolicy=wowsmkqiema&w=260&h=260,$209.95,,, Add to cart , Save to list 
"GODIVA Belgian Chocolate Easter Milk Chocolate Eggs, 130g (3 Pack)",https://www.woolworths.com.au/shop/productdetails/1074164584/godiva-belgian-chocolate-easter-milk-chocolate-eggs-130g-3-pack-,https://www.woolworths.com.au/content/promotiontags/roundel-special-200x200.png,https://assets.woolworths.com.au/images/1005/1074164584.jpg?impolicy=wowsmkqiema&w=260&h=260,$33.00,,$5.50 / 100G, Add to cart , Save to list 
"GODIVA Easter Chocolate Boxes, Milk Chocolate & Dark Chocolate Roasted Almond Eggs, 100g (2 Pack)",https://www.woolworths.com.au/shop/productdetails/1074164592/godiva-easter-chocolate-boxes-milk-chocolate-dark-chocolate-roasted-almond-eggs-100g-2-pack-,https://www.woolworths.com.au/content/promotiontags/roundel-special-200x200.png,https://assets.woolworths.com.au/images/1005/1074164592.jpg?impolicy=wowsmkqiema&w=260&h=260,$28.00,,$10.77 / 100G, Add to cart , Save to list 
"GODIVA Easter Milk Chocolate Egg & Hazelnut Crispy Domes, 100g (3 Pack)",https://www.woolworths.com.au/shop/productdetails/1074164578/godiva-easter-milk-chocolate-egg-hazelnut-crispy-domes-100g-3-pack-,https://www.woolworths.com.au/content/promotiontags/roundel-special-200x200.png,https://assets.woolworths.com.au/images/1005/1074164578.jpg?impolicy=wowsmkqiema&w=260&h=260,$38.00,,$12.67 / 100G, Add to cart , Save to list 
"GODIVA Easter Milk Chocolate Egg & Hazelnut Crispy Domes, 100g (5 Pack)",https://www.woolworths.com.au/shop/productdetails/1074194193/godiva-easter-milk-chocolate-egg-hazelnut-crispy-domes-100g-5-pack-,https://www.woolworths.com.au/content/promotiontags/roundel-special-200x200.png,https://assets.woolworths.com.au/images/1005/1074194193.jpg?impolicy=wowsmkqiema&w=260&h=260,$64.00,,$12.80 / 100G, Add to cart , Save to list 
Gift Pack Duo Abstinence Blood Orange and Lemon 0% Aperitif 750ml,https://www.woolworths.com.au/shop/productdetails/1073841257/gift-pack-duo-abstinence-blood-orange-and-lemon-0-aperitif-750ml,https://www.woolworths.com.au/content/promotiontags/roundel-special-200x200.png,https://assets.woolworths.com.au/images/1005/1073841257.jpg?impolicy=wowsmkqiema&w=260&h=260,$53.95,$59.95,, Add to cart , Save to list 
Gift Pack Duo Abstinence Floral & Epilogue 0% Gin 750ml,https://www.woolworths.com.au/shop/productdetails/1073841254/gift-pack-duo-abstinence-floral-epilogue-0-gin-750ml,https://www.woolworths.com.au/content/promotiontags/roundel-special-200x200.png,https://assets.woolworths.com.au/images/1005/1073841254.jpg?impolicy=wowsmkqiema&w=260&h=260,$80.95,$89.95,, Add to cart , Save to list 
"Gift Pack Duo Ginologist I Love You 0% Gin 700ml, Pink Tonic Sugar Free 200ml",https://www.woolworths.com.au/shop/productdetails/1073845513/gift-pack-duo-ginologist-i-love-you-0-gin-700ml-pink-tonic-sugar-free-200ml,https://www.woolworths.com.au/content/promotiontags/roundel-special-200x200.png,https://assets.woolworths.com.au/images/1005/1073845513.jpg?impolicy=wowsmkqiema&w=260&h=260,$58.35,$72.95,, Add to cart , Save to list 
"Gift Pack Duo John Ross The Pioneer 0% Gin 750ml, Pink Tonic 24 x 200ml",https://www.woolworths.com.au/shop/productdetails/1073917617/gift-pack-duo-john-ross-the-pioneer-0-gin-750ml-pink-tonic-24-x-200ml,https://www.woolworths.com.au/content/promotiontags/roundel-special-200x200.png,https://assets.woolworths.com.au/images/1005/1073917617.jpg?impolicy=wowsmkqiema&w=260&h=260,$62.95,$69.95,, Add to cart , Save to list 
Gift Pack Duo Non-Alcoholic Sparkling Wines - Lautus & Gorgeous 750ml,https://www.woolworths.com.au/shop/productdetails/1073983398/gift-pack-duo-non-alcoholic-sparkling-wines-lautus-gorgeous-750ml,,https://assets.woolworths.com.au/images/1005/1073983398.jpg?impolicy=wowsmkqiema&w=260&h=260,$45.95,,, Add to cart , Save to list 
Gift Pack Duo Non-Alcoholic Sparkling Wines - Lautus Rosé & Gorgeous 750ml,https://www.woolworths.com.au/shop/productdetails/1073983397/gift-pack-duo-non-alcoholic-sparkling-wines-lautus-ros-gorgeous-750ml,,https://assets.woolworths.com.au/images/1005/1073983397.jpg?impolicy=wowsmkqiema&w=260&h=260,$45.95,,, Add to cart , Save to list 
Gift Pack Duo Non-Alcoholic Sparkling Wines - Lautus Sparkling and Lautus Sparkling Rosé 750ml,https://www.woolworths.com.au/shop/productdetails/1073983399/gift-pack-duo-non-alcoholic-sparkling-wines-lautus-sparkling-and-lautus-sparkling-ros-750ml,,https://assets.woolworths.com.au/images/1005/1073983399.jpg?impolicy=wowsmkqiema&w=260&h=260,$45.95,,, Add to cart , Save to list 
Gift Pack Ginologist Snowglobe 0% 700ml - Designs may vary,https://www.woolworths.com.au/shop/productdetails/1073962220/gift-pack-ginologist-snowglobe-0-700ml-designs-may-vary,https://www.woolworths.com.au/content/promotiontags/roundel-special-200x200.png,https://assets.woolworths.com.au/images/1005/1073962220.jpg?impolicy=wowsmkqiema&w=260&h=260,$53.95,$59.95,, Add to cart , Save to list 
"Gift Pack Ginologist Snowglobe 0% Gin 700ml, Secco Festive Drink Infusion, Gin 0% Baubles 4x50ml, Fitch & Leedes Tonic 24 x 200ml - Designs may vary",https://www.woolworths.com.au/shop/productdetails/1073962800/gift-pack-ginologist-snowglobe-0-gin-700ml-secco-festive-drink-infusion-gin-0-baubles-4x50ml-fitch-leedes-tonic-24-x-200ml-designs-may-vary,https://www.woolworths.com.au/content/promotiontags/roundel-special-200x200.png,https://assets.woolworths.com.au/images/1005/1073962800.jpg?impolicy=wowsmkqiema&w=260&h=260,$138.42,$153.80,, Add to cart , Save to list 
Gift Pack Ginologist Snowglobe Gin 0% 700ml & Secco Festive Drink Infusion - Designs may vary,https://www.woolworths.com.au/shop/productdetails/1073959570/gift-pack-ginologist-snowglobe-gin-0-700ml-secco-festive-drink-infusion-designs-may-vary,https://www.woolworths.com.au/content/promotiontags/roundel-special-200x200.png,https://assets.woolworths.com.au/images/1005/1073959570.jpg?impolicy=wowsmkqiema&w=260&h=260,$80.91,$89.90,, Add to cart , Save to list 
Gift Pack Lautus Non-Alcoholic Wine - Sparkling Rosé 24x250ml,https://www.woolworths.com.au/shop/productdetails/1074205408/gift-pack-lautus-non-alcoholic-wine-sparkling-ros-24x250ml,https://www.woolworths.com.au/content/promotiontags/everyday-market-free-shipping-v2.svg,https://assets.woolworths.com.au/images/1005/1074205408.jpg?impolicy=wowsmkqiema&w=260&h=260,$95.95,,, Add to cart , Save to list 
"Gift Pack Non-Alcoholic Sparkling Wines - Allure, Lautus, Lautus Rosé & Gorgeous 750ml",https://www.woolworths.com.au/shop/productdetails/1073983396/gift-pack-non-alcoholic-sparkling-wines-allure-lautus-lautus-ros-gorgeous-750ml,https://www.woolworths.com.au/content/promotiontags/everyday-market-free-shipping-v2.svg,https://assets.woolworths.com.au/images/1005/1073983396.jpg?impolicy=wowsmkqiema&w=260&h=260,$85.85,,, Add to cart , Save to list 
Gift Pack Secco Festive Drink Infusion 8 Sachets of Dried Botanicals Mixed Flavours,https://www.woolworths.com.au/shop/productdetails/1073963320/gift-pack-secco-festive-drink-infusion-8-sachets-of-dried-botanicals-mixed-flavours,https://www.woolworths.com.au/content/promotiontags/roundel-special-200x200.png,https://assets.woolworths.com.au/images/1005/1073963320.jpg?impolicy=wowsmkqiema&w=260&h=260,$26.95,$29.95,, Add to cart , Save to list 
"Gift Pack Trio Abstinence Spice, Floral & Epilogue 0% Gin 750ml",https://www.woolworths.com.au/shop/productdetails/1073841255/gift-pack-trio-abstinence-spice-floral-epilogue-0-gin-750ml,https://www.woolworths.com.au/content/promotiontags/roundel-special-200x200.png,https://assets.woolworths.com.au/images/1005/1073841255.jpg?impolicy=wowsmkqiema&w=260&h=260,$121.50,$135.00,, Add to cart , Save to list 
"Gift Pack Trio Ginologist Floral 0% Gin 700ml, Cookbook & Pink Tonic 200ml",https://www.woolworths.com.au/shop/productdetails/1073917616/gift-pack-trio-ginologist-floral-0-gin-700ml-cookbook-pink-tonic-200ml,https://www.woolworths.com.au/content/promotiontags/roundel-special-200x200.png,https://assets.woolworths.com.au/images/1005/1073917616.jpg?impolicy=wowsmkqiema&w=260&h=260,$80.95,$89.95,, Add to cart , Save to list 
Glenlivet Gift Set,https://www.woolworths.com.au/shop/productdetails/1073934991/glenlivet-gift-set,https://www.woolworths.com.au/content/promotiontags/everyday-market-free-shipping-v2.svg,https://assets.woolworths.com.au/images/1005/1073934991.jpg?impolicy=wowsmkqiema&w=260&h=260,$130.00,,, Add to cart , Save to list 
Golden Wattle Lemon Linden Melody 100g,https://www.woolworths.com.au/shop/productdetails/1073865601/golden-wattle-lemon-linden-melody-100g,,https://assets.woolworths.com.au/images/1005/1073865601.jpg?impolicy=wowsmkqiema&w=260&h=260,$21.45,,$21.45 / 100G, Add to cart , Save to list 
Golden Wattle Rosy Summer Garden 100g,https://www.woolworths.com.au/shop/productdetails/1073865602/golden-wattle-rosy-summer-garden-100g,,https://assets.woolworths.com.au/images/1005/1073865602.jpg?impolicy=wowsmkqiema&w=260&h=260,$19.45,,$19.45 / 100G, Add to cart , Save to list 
Gourmet Aussie Gift Hamper,https://www.woolworths.com.au/shop/productdetails/1073944621/gourmet-aussie-gift-hamper,https://www.woolworths.com.au/content/promotiontags/everyday-market-free-shipping-v2.svg,https://assets.woolworths.com.au/images/1005/1073944621.jpg?impolicy=wowsmkqiema&w=260&h=260,$115.00,,, Add to cart , Save to list 
Gourmet Food Cocktail Celebration Gift Valentine's Day Hamper,https://www.woolworths.com.au/shop/productdetails/1073961527/gourmet-food-cocktail-celebration-gift-valentine-s-day-hamper,https://www.woolworths.com.au/content/promotiontags/everyday-market-free-shipping-v2.svg,https://assets.woolworths.com.au/images/1005/1073961527.jpg?impolicy=wowsmkqiema&w=260&h=260,$239.95,,, Add to cart , Save to list 
Gourmet Grazing & Red Wine Entertaining Gift Valentine's Day Hamper,https://www.woolworths.com.au/shop/productdetails/1073961523/gourmet-grazing-red-wine-entertaining-gift-valentine-s-day-hamper,https://www.woolworths.com.au/content/promotiontags/everyday-market-free-shipping-v2.svg,https://assets.woolworths.com.au/images/1005/1073961523.jpg?impolicy=wowsmkqiema&w=260&h=260,$169.95,,, Add to cart , Save to list 
Gourmet Treats Red Wine & Gourmet Treats Gift Valentine's Day Hamper,https://www.woolworths.com.au/shop/productdetails/1073961470/gourmet-treats-red-wine-gourmet-treats-gift-valentine-s-day-hamper,https://www.woolworths.com.au/content/promotiontags/everyday-market-free-shipping-v2.svg,https://assets.woolworths.com.au/images/1005/1073961470.jpg?impolicy=wowsmkqiema&w=260&h=260,$69.95,,, Add to cart , Save to list 
﻿Great Entertainer Gift Hamper,https://www.woolworths.com.au/shop/productdetails/1073935668/great-entertainer-gift-hamper,https://www.woolworths.com.au/content/promotiontags/everyday-market-free-shipping-v2.svg,https://assets.woolworths.com.au/images/1005/1073935668.jpg?impolicy=wowsmkqiema&w=260&h=260,$190.00,,, Add to cart , Save to list 
Hemp Oz Soothing Tea - Immune (Daily Immune Support) 45G,https://www.woolworths.com.au/shop/productdetails/1073837680/hemp-oz-soothing-tea-immune-daily-immune-support-45g,,https://assets.woolworths.com.au/images/1005/1073837680.jpg?impolicy=wowsmkqiema&w=260&h=260,$18.95,,$42.11 / 100G, Add to cart , Save to list 
Hottea Mama Newborn Wonder 15pack,https://www.woolworths.com.au/shop/productdetails/1073807030/hottea-mama-newborn-wonder-15pack,https://www.woolworths.com.au/content/promotiontags/roundel-special-200x200.png,https://assets.woolworths.com.au/images/1005/1073807030.jpg?impolicy=wowsmkqiema&w=260&h=260,$11.02,$15.75,$0.73 / 1EA, Add to cart , Save to list 
Hottea Mama Night Owl 15pack,https://www.woolworths.com.au/shop/productdetails/1073807032/hottea-mama-night-owl-15pack,https://www.woolworths.com.au/content/promotiontags/roundel-special-200x200.png,https://assets.woolworths.com.au/images/1005/1073807032.jpg?impolicy=wowsmkqiema&w=260&h=260,$11.02,$15.75,$0.73 / 1EA, Add to cart , Save to list 
Hottea Mama Pregnancy Wellness Gift Set 1pack,https://www.woolworths.com.au/shop/productdetails/1073897764/hottea-mama-pregnancy-wellness-gift-set-1pack,https://www.woolworths.com.au/content/promotiontags/roundel-special-200x200.png,https://assets.woolworths.com.au/images/1005/1073897764.jpg?impolicy=wowsmkqiema&w=260&h=260,$35.80,$44.75,, Add to cart , Save to list 
Hottea Mama Sleep Saviour Wellness Tea Set 1pack,https://www.woolworths.com.au/shop/productdetails/1073897766/hottea-mama-sleep-saviour-wellness-tea-set-1pack,https://www.woolworths.com.au/content/promotiontags/roundel-special-200x200.png,https://assets.woolworths.com.au/images/1005/1073897766.jpg?impolicy=wowsmkqiema&w=260&h=260,$35.80,$44.75,$35.80 / 1EA, Add to cart , Save to list 
Hottea Mama Take A Pause 15pk,https://www.woolworths.com.au/shop/productdetails/1073807033/hottea-mama-take-a-pause-15pk,https://www.woolworths.com.au/content/promotiontags/roundel-special-200x200.png,https://assets.woolworths.com.au/images/1005/1073807033.jpg?impolicy=wowsmkqiema&w=260&h=260,$11.02,$15.75,$0.73 / 1EA, Add to cart , Save to list 
Illy Colombia iperEspresso Coffee Capsules 140g 21pc,https://www.woolworths.com.au/shop/productdetails/1073908305/illy-colombia-iperespresso-coffee-capsules-140g-21pc,https://www.woolworths.com.au/content/promotiontags/roundel-special-200x200.png,https://assets.woolworths.com.au/images/1005/1073908305.jpg?impolicy=wowsmkqiema&w=260&h=260,$25.50,$30.00,$1.21 / 1EA, Add to cart , Save to list 
Jomeis Fine Foods Beetroot Latte Duo Pack - 240g,https://www.woolworths.com.au/shop/productdetails/1074001248/jomeis-fine-foods-beetroot-latte-duo-pack-240g,https://www.woolworths.com.au/content/promotiontags/roundel-special-200x200.png,https://assets.woolworths.com.au/images/1005/1074001248.jpg?impolicy=wowsmkqiema&w=260&h=260,$24.95,,$10.40 / 100G, Add to cart , Save to list 
Jomeis Fine Foods Minty Cacao Latte Duo Pack - 240g,https://www.woolworths.com.au/shop/productdetails/1074001249/jomeis-fine-foods-minty-cacao-latte-duo-pack-240g,https://www.woolworths.com.au/content/promotiontags/roundel-special-200x200.png,https://assets.woolworths.com.au/images/1005/1074001249.jpg?impolicy=wowsmkqiema&w=260&h=260,$24.95,,$10.40 / 100G, Add to cart , Save to list 
Jomeis Fine Foods Spicy Ginger Latte Duo Pack - 240g,https://www.woolworths.com.au/shop/productdetails/1074001252/jomeis-fine-foods-spicy-ginger-latte-duo-pack-240g,https://www.woolworths.com.au/content/promotiontags/roundel-special-200x200.png,https://assets.woolworths.com.au/images/1005/1074001252.jpg?impolicy=wowsmkqiema&w=260&h=260,$24.90,,$24.90 / 100G, Add to cart , Save to list 
Joyful Baby Arrival with Mumm Prestige Hamper,https://www.woolworths.com.au/shop/productdetails/1073846503/joyful-baby-arrival-with-mumm-prestige-hamper,https://www.woolworths.com.au/content/promotiontags/everyday-market-free-shipping-v2.svg,https://assets.woolworths.com.au/images/1005/1073846503.jpg?impolicy=wowsmkqiema&w=260&h=260,$179.95,,, Add to cart , Save to list 
Joyful Baby Arrival with Mumm Vintage Rose Hamper,https://www.woolworths.com.au/shop/productdetails/1073846502/joyful-baby-arrival-with-mumm-vintage-rose-hamper,https://www.woolworths.com.au/content/promotiontags/everyday-market-free-shipping-v2.svg,https://assets.woolworths.com.au/images/1005/1073846502.jpg?impolicy=wowsmkqiema&w=260&h=260,$179.95,,, Add to cart , Save to list 
Jumbo Carry Box Gift Hamper,https://www.woolworths.com.au/shop/productdetails/1073944630/jumbo-carry-box-gift-hamper,https://www.woolworths.com.au/content/promotiontags/everyday-market-free-shipping-v2.svg,https://assets.woolworths.com.au/images/1005/1073944630.jpg?impolicy=wowsmkqiema&w=260&h=260,$95.00,,, Add to cart , Save to list 
Koda Lemon Lime Gel Box 24pack,https://www.woolworths.com.au/shop/productdetails/1073963416/koda-lemon-lime-gel-box-24pack,https://www.woolworths.com.au/content/promotiontags/roundel-special-200x200.png,https://assets.woolworths.com.au/images/1005/1073963416.jpg?impolicy=wowsmkqiema&w=260&h=260,$47.00,$59.00,$1.96 / 1EA, Add to cart , Save to list 
La Despensa de Palacio Spanish Drinking Chocolate in Decorative Tin 700g,https://www.woolworths.com.au/shop/productdetails/1074114418/la-despensa-de-palacio-spanish-drinking-chocolate-in-decorative-tin-700g,,https://assets.woolworths.com.au/images/1005/1074114418.jpg?impolicy=wowsmkqiema&w=260&h=260,$20.00,,$2.86 / 100G, Add to cart , Save to list 
Langers Mango Nectar. 3.78L,https://www.woolworths.com.au/shop/productdetails/1074032800/langers-mango-nectar-3-78l,,https://assets.woolworths.com.au/images/1005/1074032800.jpg?impolicy=wowsmkqiema&w=260&h=260,$32.99,,$8.73 / 1L, Add to cart , Save to list 
Makers Mark Bourbon Gift Set,https://www.woolworths.com.au/shop/productdetails/1073934973/makers-mark-bourbon-gift-set,https://www.woolworths.com.au/content/promotiontags/everyday-market-free-shipping-v2.svg,https://assets.woolworths.com.au/images/1005/1073934973.jpg?impolicy=wowsmkqiema&w=260&h=260,$125.00,,, Add to cart , Save to list 
Mecca Coffee - 21 Farms Decaf - Premium Specialty Coffee Beans - 2 x 250g bags,https://www.woolworths.com.au/shop/productdetails/1073947020/mecca-coffee-21-farms-decaf-premium-specialty-coffee-beans-2-x-250g-bags,,https://assets.woolworths.com.au/images/1005/1073947020.jpg?impolicy=wowsmkqiema&w=260&h=260,$46.40,,$9.28 / 100G, Add to cart , Save to list 
Mecca Coffee - Moonwalker Blend - Premium Specialty Coffee Beans - 2 x 250g bags,https://www.woolworths.com.au/shop/productdetails/1073919611/mecca-coffee-moonwalker-blend-premium-specialty-coffee-beans-2-x-250g-bags,,https://assets.woolworths.com.au/images/1005/1073919611.jpg?impolicy=wowsmkqiema&w=260&h=260,$32.00,,$6.40 / 100G, Add to cart , Save to list 
Mecca Coffee Decaf & House Blend Premium Specialty Coffee Beans 2 x 250g bags,https://www.woolworths.com.au/shop/productdetails/1074011367/mecca-coffee-decaf-house-blend-premium-specialty-coffee-beans-2-x-250g-bags,,https://assets.woolworths.com.au/images/1005/1074011367.jpg?impolicy=wowsmkqiema&w=260&h=260,$42.00,,$8.40 / 100G, Add to cart , Save to list 
Mecca Coffee Decaf & MoonWalker Blend Premium Specialty Coffee Beans 2 x 250g bags,https://www.woolworths.com.au/shop/productdetails/1074011366/mecca-coffee-decaf-moonwalker-blend-premium-specialty-coffee-beans-2-x-250g-bags,,https://assets.woolworths.com.au/images/1005/1074011366.jpg?impolicy=wowsmkqiema&w=260&h=260,$40.00,,$8.00 / 100G, Add to cart , Save to list 
Mengku Rongshi Pu'er Tea 8g*20pcs 160g,https://www.woolworths.com.au/shop/productdetails/1074042833/mengku-rongshi-pu-er-tea-8g-20pcs-160g,https://www.woolworths.com.au/content/promotiontags/roundel-special-200x200.png,https://assets.woolworths.com.au/images/1005/1074042833.jpg?impolicy=wowsmkqiema&w=260&h=260,$55.99,$59.99,$2.80 / 8G, Add to cart , Save to list 
MirMir Organics Certified Organic Green Tea & Tulsi Pyramid Tea Bags 40gm x 2 packs,https://www.woolworths.com.au/shop/productdetails/1074024569/mirmir-organics-certified-organic-green-tea-tulsi-pyramid-tea-bags-40gm-x-2-packs,https://www.woolworths.com.au/content/promotiontags/roundel-special-200x200.png,https://assets.woolworths.com.au/images/1005/1074024569.jpg?impolicy=wowsmkqiema&w=260&h=260,$21.50,$23.50,$53.75 / 100G, Add to cart , Save to list 
MirMir Organics Certified Organic Guduchi Tea Pyramid Tea Bags 40gm x 2 packs,https://www.woolworths.com.au/shop/productdetails/1074002183/mirmir-organics-certified-organic-guduchi-tea-pyramid-tea-bags-40gm-x-2-packs,https://www.woolworths.com.au/content/promotiontags/roundel-special-200x200.png,https://assets.woolworths.com.au/images/1005/1074002183.jpg?impolicy=wowsmkqiema&w=260&h=260,$21.50,$23.50,$53.75 / 100G, Add to cart , Save to list 
MirMir Organics Certified Organic Ilam Black Tea Pyramid Tea Bags 40gm x 2 packs,https://www.woolworths.com.au/shop/productdetails/1074002167/mirmir-organics-certified-organic-ilam-black-tea-pyramid-tea-bags-40gm-x-2-packs,https://www.woolworths.com.au/content/promotiontags/roundel-special-200x200.png,https://assets.woolworths.com.au/images/1005/1074002167.jpg?impolicy=wowsmkqiema&w=260&h=260,$21.50,$23.50,$53.75 / 100G, Add to cart , Save to list 
MirMir Organics Certified Organic Triphala Tea Pyramid Tea Bags 40gm x 2 packs,https://www.woolworths.com.au/shop/productdetails/1074002186/mirmir-organics-certified-organic-triphala-tea-pyramid-tea-bags-40gm-x-2-packs,https://www.woolworths.com.au/content/promotiontags/roundel-special-200x200.png,https://assets.woolworths.com.au/images/1005/1074002186.jpg?impolicy=wowsmkqiema&w=260&h=260,$21.50,$23.50,$53.75 / 100G, Add to cart , Save to list 
Mitsui Meicha Peach & Rose Oolong Tea 10bags 20g X 3Pack,https://www.woolworths.com.au/shop/productdetails/1074114335/mitsui-meicha-peach-rose-oolong-tea-10bags-20g-x-3pack,,https://assets.woolworths.com.au/images/1005/1074114335.jpg?impolicy=wowsmkqiema&w=260&h=260,$33.99,,$11.33 / 1EA, Add to cart , Save to list 
Mumm Prestige Brut & Gourmet Finest Sparkling Wine Food Gift Valentine's Day Hamper,https://www.woolworths.com.au/shop/productdetails/1073811813/mumm-prestige-brut-gourmet-finest-sparkling-wine-food-gift-valentine-s-day-hamper,https://www.woolworths.com.au/content/promotiontags/everyday-market-free-shipping-v2.svg,https://assets.woolworths.com.au/images/1005/1073811813.jpg?impolicy=wowsmkqiema&w=260&h=260,$139.95,,, Add to cart , Save to list 
Mumm Vintage Rose & Gourmet Finest Chocolate Nuts & Cracker Gift Valentine's Day Hamper,https://www.woolworths.com.au/shop/productdetails/1073811812/mumm-vintage-rose-gourmet-finest-chocolate-nuts-cracker-gift-valentine-s-day-hamper,https://www.woolworths.com.au/content/promotiontags/everyday-market-free-shipping-v2.svg,https://assets.woolworths.com.au/images/1005/1073811812.jpg?impolicy=wowsmkqiema&w=260&h=260,$149.95,,, Add to cart , Save to list 
Naked Life Non-Alcoholic Australian Cane Spirit and Cola 24 x 250ml Cans,https://www.woolworths.com.au/shop/productdetails/1074020960/naked-life-non-alcoholic-australian-cane-spirit-and-cola-24-x-250ml-cans,,https://assets.woolworths.com.au/images/1005/1074020960.jpg?impolicy=wowsmkqiema&w=260&h=260,,,,, Save to list 
New York Cocktail Infusion Mixer Clover Club Bottle w/ Small Sieve 108g,https://www.woolworths.com.au/shop/productdetails/1073927467/new-york-cocktail-infusion-mixer-clover-club-bottle-w-small-sieve-108g,https://www.woolworths.com.au/content/promotiontags/roundel-special-200x200.png,https://assets.woolworths.com.au/images/1005/1073927467.jpg?impolicy=wowsmkqiema&w=260&h=260,$17.85,$21.00,$16.53 / 100G, Add to cart , Save to list 
New York Cocktail Infusion Mixer French Martini Bottle w/ Small Sieve 108g,https://www.woolworths.com.au/shop/productdetails/1073927474/new-york-cocktail-infusion-mixer-french-martini-bottle-w-small-sieve-108g,https://www.woolworths.com.au/content/promotiontags/roundel-special-200x200.png,https://assets.woolworths.com.au/images/1005/1073927474.jpg?impolicy=wowsmkqiema&w=260&h=260,$17.85,$21.00,$16.53 / 100G, Add to cart , Save to list 
Nongfu Spring Tea p Citrus Lemon Tea 500ml&nbsp;X 12Pack,https://www.woolworths.com.au/shop/productdetails/1074028347/nongfu-spring-tea-p-citrus-lemon-tea-500ml-nbsp-x-12pack,https://www.woolworths.com.au/content/promotiontags/roundel-special-200x200.png,https://assets.woolworths.com.au/images/1005/1074028347.jpg?impolicy=wowsmkqiema&w=260&h=260,$29.99,$31.99,$5.00 / 1L, Add to cart , Save to list 
Nongfu Spring Tea p Honey Peach Oolong Tea 500ml&nbsp;X 12Pack,https://www.woolworths.com.au/shop/productdetails/1074028344/nongfu-spring-tea-p-honey-peach-oolong-tea-500ml-nbsp-x-12pack,https://www.woolworths.com.au/content/promotiontags/roundel-special-200x200.png,https://assets.woolworths.com.au/images/1005/1074028344.jpg?impolicy=wowsmkqiema&w=260&h=260,$30.59,$35.99,$5.10 / 1L, Add to cart , Save to list 
Oz Epicure Gift Hamper,https://www.woolworths.com.au/shop/productdetails/1073935675/oz-epicure-gift-hamper,https://www.woolworths.com.au/content/promotiontags/everyday-market-free-shipping-v2.svg,https://assets.woolworths.com.au/images/1005/1073935675.jpg?impolicy=wowsmkqiema&w=260&h=260,$140.00,,, Add to cart , Save to list 
Oz Garden Party Gift Hamper,https://www.woolworths.com.au/shop/productdetails/1073935669/oz-garden-party-gift-hamper,https://www.woolworths.com.au/content/promotiontags/everyday-market-free-shipping-v2.svg,https://assets.woolworths.com.au/images/1005/1073935669.jpg?impolicy=wowsmkqiema&w=260&h=260,$190.00,,, Add to cart , Save to list 
Planet Organic Female Balance 25 Tea Bags x 2pack,https://www.woolworths.com.au/shop/productdetails/1073945889/planet-organic-female-balance-25-tea-bags-x-2pack,https://www.woolworths.com.au/content/promotiontags/roundel-special-200x200.png,https://assets.woolworths.com.au/images/1005/1073945889.jpg?impolicy=wowsmkqiema&w=260&h=260,$8.96,$11.20,$17.92 / 100EA, Add to cart , Save to list 
Plus Hemp Restore 330ml 4packs,https://www.woolworths.com.au/shop/productdetails/1073944472/plus-hemp-restore-330ml-4packs,,https://assets.woolworths.com.au/images/1005/1073944472.jpg?impolicy=wowsmkqiema&w=260&h=260,$16.00,,$12.12 / 1L, Add to cart , Save to list 
Premium Cocktail & Gourmet Food Selection Gift Valentine's Day Hamper,https://www.woolworths.com.au/shop/productdetails/1073961526/premium-cocktail-gourmet-food-selection-gift-valentine-s-day-hamper,https://www.woolworths.com.au/content/promotiontags/everyday-market-free-shipping-v2.svg,https://assets.woolworths.com.au/images/1005/1073961526.jpg?impolicy=wowsmkqiema&w=260&h=260,$119.95,,, Add to cart , Save to list 
Primo Caffe Maestro Coffee Capsules 6x 10PK,https://www.woolworths.com.au/shop/productdetails/1073908285/primo-caffe-maestro-coffee-capsules-6x-10pk,https://www.woolworths.com.au/content/promotiontags/roundel-special-200x200.png,https://assets.woolworths.com.au/images/1005/1073908285.jpg?impolicy=wowsmkqiema&w=260&h=260,$30.60,$36.00,$0.51 / 1EA, Add to cart , Save to list 
Purely Gourmet Beer Indulgence Gift Hamper,https://www.woolworths.com.au/shop/productdetails/1073935465/purely-gourmet-beer-indulgence-gift-hamper,https://www.woolworths.com.au/content/promotiontags/everyday-market-free-shipping-v2.svg,https://assets.woolworths.com.au/images/1005/1073935465.jpg?impolicy=wowsmkqiema&w=260&h=260,$75.00,,, Add to cart , Save to list 
Purely Gourmet Beers & Movie Gift Hamper,https://www.woolworths.com.au/shop/productdetails/1073935467/purely-gourmet-beers-movie-gift-hamper,https://www.woolworths.com.au/content/promotiontags/everyday-market-free-shipping-v2.svg,https://assets.woolworths.com.au/images/1005/1073935467.jpg?impolicy=wowsmkqiema&w=260&h=260,$70.00,,, Add to cart , Save to list 
Purely Gourmet Moet Celebration Hamper,https://www.woolworths.com.au/shop/productdetails/1073935448/purely-gourmet-moet-celebration-hamper,https://www.woolworths.com.au/content/promotiontags/everyday-market-free-shipping-v2.svg,https://assets.woolworths.com.au/images/1005/1073935448.jpg?impolicy=wowsmkqiema&w=260&h=260,$165.00,,, Add to cart , Save to list 
Purely Gourmet Pepperjack & Australian Sweets Hamper,https://www.woolworths.com.au/shop/productdetails/1073935447/purely-gourmet-pepperjack-australian-sweets-hamper,https://www.woolworths.com.au/content/promotiontags/everyday-market-free-shipping-v2.svg,https://assets.woolworths.com.au/images/1005/1073935447.jpg?impolicy=wowsmkqiema&w=260&h=260,$100.00,,, Add to cart , Save to list 
Purely Gourmet Snacks with Beer,https://www.woolworths.com.au/shop/productdetails/1073935466/purely-gourmet-snacks-with-beer,https://www.woolworths.com.au/content/promotiontags/everyday-market-free-shipping-v2.svg,https://assets.woolworths.com.au/images/1005/1073935466.jpg?impolicy=wowsmkqiema&w=260&h=260,$95.00,,, Add to cart , Save to list 
Purely Gourmet The Ultimate Pamper Hamper,https://www.woolworths.com.au/shop/productdetails/1073935462/purely-gourmet-the-ultimate-pamper-hamper,https://www.woolworths.com.au/content/promotiontags/everyday-market-free-shipping-v2.svg,https://assets.woolworths.com.au/images/1005/1073935462.jpg?impolicy=wowsmkqiema&w=260&h=260,$190.00,,, Add to cart , Save to list 
Purely Gourmet Whisky & Antipasto Gift Hamper (Chivas Regal),https://www.woolworths.com.au/shop/productdetails/1073935469/purely-gourmet-whisky-antipasto-gift-hamper-chivas-regal-,https://www.woolworths.com.au/content/promotiontags/everyday-market-free-shipping-v2.svg,https://assets.woolworths.com.au/images/1005/1073935469.jpg?impolicy=wowsmkqiema&w=260&h=260,$155.00,,, Add to cart , Save to list 
Purely Gourmet Whisky & Antipasto Gift Hamper (Glenfiddich),https://www.woolworths.com.au/shop/productdetails/1073935470/purely-gourmet-whisky-antipasto-gift-hamper-glenfiddich-,https://www.woolworths.com.au/content/promotiontags/everyday-market-free-shipping-v2.svg,https://assets.woolworths.com.au/images/1005/1073935470.jpg?impolicy=wowsmkqiema&w=260&h=260,$200.00,,, Add to cart , Save to list 
Purely Gourmet Whisky & Snacks Gift Hamper (Glenfiddich),https://www.woolworths.com.au/shop/productdetails/1073935479/purely-gourmet-whisky-snacks-gift-hamper-glenfiddich-,https://www.woolworths.com.au/content/promotiontags/everyday-market-free-shipping-v2.svg,https://assets.woolworths.com.au/images/1005/1073935479.jpg?impolicy=wowsmkqiema&w=260&h=260,$200.00,,, Add to cart , Save to list 
Red & White Wine Chocolate Nuts & Cracker Gift Valentine's Day Hamper,https://www.woolworths.com.au/shop/productdetails/1073890413/red-white-wine-chocolate-nuts-cracker-gift-valentine-s-day-hamper,https://www.woolworths.com.au/content/promotiontags/everyday-market-free-shipping-v2.svg,https://assets.woolworths.com.au/images/1005/1073890413.jpg?impolicy=wowsmkqiema&w=260&h=260,$179.95,,, Add to cart , Save to list 
Ryukakusan Direct Stick for Sore Throat 16 Sticks X 4Pack,https://www.woolworths.com.au/shop/productdetails/1074114298/ryukakusan-direct-stick-for-sore-throat-16-sticks-x-4pack,https://www.woolworths.com.au/content/promotiontags/roundel-special-200x200.png,https://assets.woolworths.com.au/images/1005/1074114298.jpg?impolicy=wowsmkqiema&w=260&h=260,$49.99,$57.99,$12.50 / 1EA, Add to cart , Save to list 
Sauvignon Blanc White Wine & Gourmet Food Chocolate Snack Gift Valentine's Day Hamper,https://www.woolworths.com.au/shop/productdetails/1073811806/sauvignon-blanc-white-wine-gourmet-food-chocolate-snack-gift-valentine-s-day-hamper,https://www.woolworths.com.au/content/promotiontags/everyday-market-free-shipping-v2.svg,https://assets.woolworths.com.au/images/1005/1073811806.jpg?impolicy=wowsmkqiema&w=260&h=260,$99.95,,, Add to cart , Save to list 
Seven Miles - Bear and the Beard - Leaf & Berry Premium Specialty Coffee Beans - 2 x 250g bags,https://www.woolworths.com.au/shop/productdetails/1074015811/seven-miles-bear-and-the-beard-leaf-berry-premium-specialty-coffee-beans-2-x-250g-bags,,https://assets.woolworths.com.au/images/1005/1074015811.jpg?impolicy=wowsmkqiema&w=260&h=260,$33.00,,$6.60 / 100G, Add to cart , Save to list 
Seven Miles - Cat's Pyjamas - Premium Specialty Coffee Beans - 2 x 250g bags,https://www.woolworths.com.au/shop/productdetails/1073918588/seven-miles-cat-s-pyjamas-premium-specialty-coffee-beans-2-x-250g-bags,,https://assets.woolworths.com.au/images/1005/1073918588.jpg?impolicy=wowsmkqiema&w=260&h=260,$34.00,,$6.80 / 100G, Add to cart , Save to list 
Seven Miles - Leaf & Berry - Cats Pyjamas Premium Specialty Coffee Beans Pack 2 x 250g Bags,https://www.woolworths.com.au/shop/productdetails/1074015813/seven-miles-leaf-berry-cats-pyjamas-premium-specialty-coffee-beans-pack-2-x-250g-bags,,https://assets.woolworths.com.au/images/1005/1074015813.jpg?impolicy=wowsmkqiema&w=260&h=260,$32.00,,$6.40 / 100G, Add to cart , Save to list 
Seven Miles - Leaf & Berry - Fairtrade Certified Organic Premium Specialty Coffee Beans 1 kg,https://www.woolworths.com.au/shop/productdetails/1073918585/seven-miles-leaf-berry-fairtrade-certified-organic-premium-specialty-coffee-beans-1-kg,https://www.woolworths.com.au/content/promotiontags/everyday-market-free-shipping-v2.svg,https://assets.woolworths.com.au/images/1005/1073918585.jpg?impolicy=wowsmkqiema&w=260&h=260,$53.00,,$5.30 / 100G, Add to cart , Save to list 
Seven Miles - Premium Specialty Coffee Bean Pack - 3 x 250g bags,https://www.woolworths.com.au/shop/productdetails/1073949109/seven-miles-premium-specialty-coffee-bean-pack-3-x-250g-bags,https://www.woolworths.com.au/content/promotiontags/everyday-market-free-shipping-v2.svg,https://assets.woolworths.com.au/images/1005/1073949109.jpg?impolicy=wowsmkqiema&w=260&h=260,$51.00,,$6.80 / 100G, Add to cart , Save to list 
Seven Miles - Premium Specialty Coffee Pods - Box of 60 Capsules,https://www.woolworths.com.au/shop/productdetails/1073918590/seven-miles-premium-specialty-coffee-pods-box-of-60-capsules,https://www.woolworths.com.au/content/promotiontags/everyday-market-free-shipping-v2.svg,https://assets.woolworths.com.au/images/1005/1073918590.jpg?impolicy=wowsmkqiema&w=260&h=260,$50.00,,, Add to cart , Save to list 
Shop-Around Gift Hamper,https://www.woolworths.com.au/shop/productdetails/1073935676/shop-around-gift-hamper,https://www.woolworths.com.au/content/promotiontags/everyday-market-free-shipping-v2.svg,https://assets.woolworths.com.au/images/1005/1073935676.jpg?impolicy=wowsmkqiema&w=260&h=260,$125.00,,, Add to cart , Save to list 
St Hugo Barossa Shiraz & Selection Red Wine Gourmet Food Gift Valentine's Day Hamper,https://www.woolworths.com.au/shop/productdetails/1073961516/st-hugo-barossa-shiraz-selection-red-wine-gourmet-food-gift-valentine-s-day-hamper,https://www.woolworths.com.au/content/promotiontags/everyday-market-free-shipping-v2.svg,https://assets.woolworths.com.au/images/1005/1073961516.jpg?impolicy=wowsmkqiema&w=260&h=260,$209.95,,, Add to cart , Save to list 
Stitch Coffee Black Field Blend 1kg - Premium Specialty Coffee,https://www.woolworths.com.au/shop/productdetails/1074052559/stitch-coffee-black-field-blend-1kg-premium-specialty-coffee,https://www.woolworths.com.au/content/promotiontags/everyday-market-free-shipping-v2.svg,https://assets.woolworths.com.au/images/1005/1074052559.jpg?impolicy=wowsmkqiema&w=260&h=260,$60.00,,$6.00 / 100G, Add to cart , Save to list 
Stitch Coffee Dark Field Blend 250g - Premium Specialty Coffee,https://www.woolworths.com.au/shop/productdetails/1074052556/stitch-coffee-dark-field-blend-250g-premium-specialty-coffee,,https://assets.woolworths.com.au/images/1005/1074052556.jpg?impolicy=wowsmkqiema&w=260&h=260,$20.00,,$8.00 / 100G, Add to cart , Save to list 
Stitch Coffee Higgs Field Blend 1k - Premium Specialty Coffee,https://www.woolworths.com.au/shop/productdetails/1074052554/stitch-coffee-higgs-field-blend-1k-premium-specialty-coffee,https://www.woolworths.com.au/content/promotiontags/everyday-market-free-shipping-v2.svg,https://assets.woolworths.com.au/images/1005/1074052554.jpg?impolicy=wowsmkqiema&w=260&h=260,$60.00,,$6.00 / 100G, Add to cart , Save to list 
Stitch Coffee Higgs Field Blend Coffee Drip Bags 10pk - Premium Specialty Coffee,https://www.woolworths.com.au/shop/productdetails/1074052564/stitch-coffee-higgs-field-blend-coffee-drip-bags-10pk-premium-specialty-coffee,,https://assets.woolworths.com.au/images/1005/1074052564.jpg?impolicy=wowsmkqiema&w=260&h=260,$21.00,,$2.10 / 1EA, Add to cart , Save to list 
Stitch Coffee Kandy Chai Tea 200g,https://www.woolworths.com.au/shop/productdetails/1074052571/stitch-coffee-kandy-chai-tea-200g,,https://assets.woolworths.com.au/images/1005/1074052571.jpg?impolicy=wowsmkqiema&w=260&h=260,$25.00,,$12.50 / 100G, Add to cart , Save to list 
Stitch Coffee Kandy Sticky Chai (Vegan) 200g,https://www.woolworths.com.au/shop/productdetails/1074052572/stitch-coffee-kandy-sticky-chai-vegan-200g,,https://assets.woolworths.com.au/images/1005/1074052572.jpg?impolicy=wowsmkqiema&w=260&h=260,$25.00,,$12.50 / 100G, Add to cart , Save to list 
Stitch Coffee Signature Blend Pods 10pk - Premium Specialty Coffee - HOME Compostable,https://www.woolworths.com.au/shop/productdetails/1074052569/stitch-coffee-signature-blend-pods-10pk-premium-specialty-coffee-home-compostable,,https://assets.woolworths.com.au/images/1005/1074052569.jpg?impolicy=wowsmkqiema&w=260&h=260,$11.00,,$11.00 / 1EA, Add to cart , Save to list 
Suntory Green tea Special Tea 2L X 3Pack,https://www.woolworths.com.au/shop/productdetails/1074090005/suntory-green-tea-special-tea-2l-x-3pack,https://www.woolworths.com.au/content/promotiontags/everyday-market-free-shipping-v2.svg,https://assets.woolworths.com.au/images/1005/1074090005.jpg?impolicy=wowsmkqiema&w=260&h=260,$66.99,,$22.33 / 1EA, Add to cart , Save to list 
Super Crisp Northern Gift Hamper,https://www.woolworths.com.au/shop/productdetails/1073944634/super-crisp-northern-gift-hamper,https://www.woolworths.com.au/content/promotiontags/everyday-market-free-shipping-v2.svg,https://assets.woolworths.com.au/images/1005/1073944634.jpg?impolicy=wowsmkqiema&w=260&h=260,$80.00,,, Add to cart , Save to list 
Tastebuds Baby Bear Blue Hamper With Winibeads Blue & White Teether And Emotion & Kids Panda Muslin Wrap,https://www.woolworths.com.au/shop/productdetails/1074023484/tastebuds-baby-bear-blue-hamper-with-winibeads-blue-white-teether-and-emotion-kids-panda-muslin-wrap,https://www.woolworths.com.au/content/promotiontags/everyday-market-free-shipping-v2.svg,https://assets.woolworths.com.au/images/1005/1074023484.jpg?impolicy=wowsmkqiema&w=260&h=260,$89.00,,, Add to cart , Save to list 
Tastebuds Bath Bombs & Silky Robes Pamper Hamper,https://www.woolworths.com.au/shop/productdetails/1074023551/tastebuds-bath-bombs-silky-robes-pamper-hamper,https://www.woolworths.com.au/content/promotiontags/everyday-market-free-shipping-v2.svg,https://assets.woolworths.com.au/images/1005/1074023551.jpg?impolicy=wowsmkqiema&w=260&h=260,$129.00,,, Add to cart , Save to list 
Tastebuds Dream Baby Girl Belgian Chocolate Bouquet,https://www.woolworths.com.au/shop/productdetails/1074023405/tastebuds-dream-baby-girl-belgian-chocolate-bouquet,https://www.woolworths.com.au/content/promotiontags/roundel-special-200x200.png,https://assets.woolworths.com.au/images/1005/1074023405.jpg?impolicy=wowsmkqiema&w=260&h=260,$65.00,,, Add to cart , Save to list 
Tastebuds Gluten Free Dark Chocolate Indulgence,https://www.woolworths.com.au/shop/productdetails/1074023426/tastebuds-gluten-free-dark-chocolate-indulgence,https://www.woolworths.com.au/content/promotiontags/everyday-market-free-shipping-v2.svg,https://assets.woolworths.com.au/images/1005/1074023426.jpg?impolicy=wowsmkqiema&w=260&h=260,$119.00,,, Add to cart , Save to list 
Tastebuds Lilacs & Violets Belgian Chocolate Bouquet,https://www.woolworths.com.au/shop/productdetails/1074023446/tastebuds-lilacs-violets-belgian-chocolate-bouquet,https://www.woolworths.com.au/content/promotiontags/roundel-special-200x200.png,https://assets.woolworths.com.au/images/1005/1074023446.jpg?impolicy=wowsmkqiema&w=260&h=260,$65.00,,, Add to cart , Save to list 
Tastebuds Organic English Rose Beauty Hamper,https://www.woolworths.com.au/shop/productdetails/1074023428/tastebuds-organic-english-rose-beauty-hamper,https://www.woolworths.com.au/content/promotiontags/everyday-market-free-shipping-v2.svg,https://assets.woolworths.com.au/images/1005/1074023428.jpg?impolicy=wowsmkqiema&w=260&h=260,$199.00,,, Add to cart , Save to list 
Tastebuds She's So Pretty Belgian Milk Chocolate Bouquet,https://www.woolworths.com.au/shop/productdetails/1074023454/tastebuds-she-s-so-pretty-belgian-milk-chocolate-bouquet,https://www.woolworths.com.au/content/promotiontags/roundel-special-200x200.png,https://assets.woolworths.com.au/images/1005/1074023454.jpg?impolicy=wowsmkqiema&w=260&h=260,$69.00,,, Add to cart , Save to list 
Tastebuds Sparkling Rose for Little Baby Bear Hamper,https://www.woolworths.com.au/shop/productdetails/1074023485/tastebuds-sparkling-rose-for-little-baby-bear-hamper,https://www.woolworths.com.au/content/promotiontags/everyday-market-free-shipping-v2.svg,https://assets.woolworths.com.au/images/1005/1074023485.jpg?impolicy=wowsmkqiema&w=260&h=260,$79.00,,, Add to cart , Save to list 
Tastebuds Tastebuddy Surprise Belgian Milk Chocolate Bouquet,https://www.woolworths.com.au/shop/productdetails/1074023456/tastebuds-tastebuddy-surprise-belgian-milk-chocolate-bouquet,https://www.woolworths.com.au/content/promotiontags/roundel-special-200x200.png,https://assets.woolworths.com.au/images/1005/1074023456.jpg?impolicy=wowsmkqiema&w=260&h=260,$49.00,$54.00,, Add to cart , Save to list 
Tastebuds Teddy & Belgian Chocolate Stars Bouquet,https://www.woolworths.com.au/shop/productdetails/1074023443/tastebuds-teddy-belgian-chocolate-stars-bouquet,https://www.woolworths.com.au/content/promotiontags/roundel-special-200x200.png,https://assets.woolworths.com.au/images/1005/1074023443.jpg?impolicy=wowsmkqiema&w=260&h=260,$65.00,,, Add to cart , Save to list 
Tastebuds Vegan Friendly Chocolate Bar Hamper,https://www.woolworths.com.au/shop/productdetails/1074023473/tastebuds-vegan-friendly-chocolate-bar-hamper,https://www.woolworths.com.au/content/promotiontags/everyday-market-free-shipping-v2.svg,https://assets.woolworths.com.au/images/1005/1074023473.jpg?impolicy=wowsmkqiema&w=260&h=260,$115.00,,, Add to cart , Save to list 
Tastebuds Your Vegan Chocolate Pack,https://www.woolworths.com.au/shop/productdetails/1074023480/tastebuds-your-vegan-chocolate-pack,https://www.woolworths.com.au/content/promotiontags/everyday-market-free-shipping-v2.svg,https://assets.woolworths.com.au/images/1005/1074023480.jpg?impolicy=wowsmkqiema&w=260&h=260,$75.00,,, Add to cart , Save to list 
Tastes of Country Hamper - Ultimate Selection with Sparkling,https://www.woolworths.com.au/shop/productdetails/1073961510/tastes-of-country-hamper-ultimate-selection-with-sparkling,https://www.woolworths.com.au/content/promotiontags/everyday-market-free-shipping-v2.svg,https://assets.woolworths.com.au/images/1005/1073961510.jpg?impolicy=wowsmkqiema&w=260&h=260,$259.95,,, Add to cart , Save to list 
Tea Gardens Kombucha 350ml Citrus Lemon Lime x 48,https://www.woolworths.com.au/shop/productdetails/1073961553/tea-gardens-kombucha-350ml-citrus-lemon-lime-x-48,https://www.woolworths.com.au/content/promotiontags/roundel-special-200x200.png,https://assets.woolworths.com.au/images/1005/1073961553.jpg?impolicy=wowsmkqiema&w=260&h=260,$62.91,$69.90,$3.74 / 1L, Add to cart , Save to list 
Tea Gardens Kombucha Coconut & Lime 300ml,https://www.woolworths.com.au/shop/productdetails/1073961588/tea-gardens-kombucha-coconut-lime-300ml,https://www.woolworths.com.au/content/promotiontags/roundel-special-200x200.png,https://assets.woolworths.com.au/images/1005/1073961588.jpg?impolicy=wowsmkqiema&w=260&h=260,$44.91,$49.90,$4.99 / 1L, Add to cart , Save to list 
Tea Gardens Kombucha Coconut & Lime 800ml,https://www.woolworths.com.au/shop/productdetails/1073961618/tea-gardens-kombucha-coconut-lime-800ml,https://www.woolworths.com.au/content/promotiontags/roundel-special-200x200.png,https://assets.woolworths.com.au/images/1005/1073961618.jpg?impolicy=wowsmkqiema&w=260&h=260,$62.64,$69.60,$3.26 / 1L, Add to cart , Save to list 
Tea Gardens Kombucha Mango 800ml,https://www.woolworths.com.au/shop/productdetails/1073961619/tea-gardens-kombucha-mango-800ml,https://www.woolworths.com.au/content/promotiontags/roundel-special-200x200.png,https://assets.woolworths.com.au/images/1005/1073961619.jpg?impolicy=wowsmkqiema&w=260&h=260,$62.64,$69.60,$3.26 / 1L, Add to cart , Save to list 
Tea Gardens Kombucha Turmeric Ginger Pear 350ml,https://www.woolworths.com.au/shop/productdetails/1073972246/tea-gardens-kombucha-turmeric-ginger-pear-350ml,,https://assets.woolworths.com.au/images/1005/1073972246.jpg?impolicy=wowsmkqiema&w=260&h=260,$29.90,,$7.12 / 1L, Add to cart , Save to list 
Tea Gardens Probiotic Iced Tea Lemon Lime 800ml,https://www.woolworths.com.au/shop/productdetails/1073961574/tea-gardens-probiotic-iced-tea-lemon-lime-800ml,https://www.woolworths.com.au/content/promotiontags/roundel-special-200x200.png,https://assets.woolworths.com.au/images/1005/1073961574.jpg?impolicy=wowsmkqiema&w=260&h=260,$62.64,$69.60,$3.26 / 1L, Add to cart , Save to list 
Tea Gardens Probiotic Iced Tea Peach 800ml,https://www.woolworths.com.au/shop/productdetails/1073961575/tea-gardens-probiotic-iced-tea-peach-800ml,https://www.woolworths.com.au/content/promotiontags/roundel-special-200x200.png,https://assets.woolworths.com.au/images/1005/1073961575.jpg?impolicy=wowsmkqiema&w=260&h=260,$62.64,$69.60,$3.26 / 1L, Add to cart , Save to list 
Tea Gardens Sparkling Apple Cider Vinegar Lime 350ml,https://www.woolworths.com.au/shop/productdetails/1073961630/tea-gardens-sparkling-apple-cider-vinegar-lime-350ml,,https://assets.woolworths.com.au/images/1005/1073961630.jpg?impolicy=wowsmkqiema&w=260&h=260,$29.90,,$7.12 / 1L, Add to cart , Save to list 
The Hamper Emporium - A Touch of Luxury with Chandon Hamper,https://www.woolworths.com.au/shop/productdetails/1073963053/the-hamper-emporium-a-touch-of-luxury-with-chandon-hamper,https://www.woolworths.com.au/content/promotiontags/everyday-market-free-shipping-v2.svg,https://assets.woolworths.com.au/images/1005/1073963053.jpg?impolicy=wowsmkqiema&w=260&h=260,$159.00,,, Add to cart , Save to list 
The Hamper Emporium - A Touch of Luxury with Moet Hamper,https://www.woolworths.com.au/shop/productdetails/1073963084/the-hamper-emporium-a-touch-of-luxury-with-moet-hamper,https://www.woolworths.com.au/content/promotiontags/everyday-market-free-shipping-v2.svg,https://assets.woolworths.com.au/images/1005/1073963084.jpg?impolicy=wowsmkqiema&w=260&h=260,$189.00,,, Add to cart , Save to list 
The Hamper Emporium - Home Essentials with Red Wine Hamper,https://www.woolworths.com.au/shop/productdetails/1073963067/the-hamper-emporium-home-essentials-with-red-wine-hamper,https://www.woolworths.com.au/content/promotiontags/everyday-market-free-shipping-v2.svg,https://assets.woolworths.com.au/images/1005/1073963067.jpg?impolicy=wowsmkqiema&w=260&h=260,$99.00,,, Add to cart , Save to list 
The Hamper Emporium - Indulgent Home Essentials with Chandon Hamper,https://www.woolworths.com.au/shop/productdetails/1073963070/the-hamper-emporium-indulgent-home-essentials-with-chandon-hamper,https://www.woolworths.com.au/content/promotiontags/everyday-market-free-shipping-v2.svg,https://assets.woolworths.com.au/images/1005/1073963070.jpg?impolicy=wowsmkqiema&w=260&h=260,$169.00,,, Add to cart , Save to list 
The Hamper Emporium - Men's A Little Luxury Hamper with Ponting Shiraz,https://www.woolworths.com.au/shop/productdetails/1073963082/the-hamper-emporium-men-s-a-little-luxury-hamper-with-ponting-shiraz,https://www.woolworths.com.au/content/promotiontags/everyday-market-free-shipping-v2.svg,https://assets.woolworths.com.au/images/1005/1073963082.jpg?impolicy=wowsmkqiema&w=260&h=260,$129.00,,, Add to cart , Save to list 
The Hamper Emporium - Men's Relax & Indulge with Red Wine Hamper,https://www.woolworths.com.au/shop/productdetails/1073963062/the-hamper-emporium-men-s-relax-indulge-with-red-wine-hamper,https://www.woolworths.com.au/content/promotiontags/everyday-market-free-shipping-v2.svg,https://assets.woolworths.com.au/images/1005/1073963062.jpg?impolicy=wowsmkqiema&w=260&h=260,$189.00,,, Add to cart , Save to list 
The Hamper Emporium - Men's Relaxation with Red Wine Hamper,https://www.woolworths.com.au/shop/productdetails/1073963064/the-hamper-emporium-men-s-relaxation-with-red-wine-hamper,https://www.woolworths.com.au/content/promotiontags/everyday-market-free-shipping-v2.svg,https://assets.woolworths.com.au/images/1005/1073963064.jpg?impolicy=wowsmkqiema&w=260&h=260,$149.00,,, Add to cart , Save to list 
The Hamper Emporium - More Than Flowers with Chandon Rose Hamper,https://www.woolworths.com.au/shop/productdetails/1073963058/the-hamper-emporium-more-than-flowers-with-chandon-rose-hamper,https://www.woolworths.com.au/content/promotiontags/everyday-market-free-shipping-v2.svg,https://assets.woolworths.com.au/images/1005/1073963058.jpg?impolicy=wowsmkqiema&w=260&h=260,$179.00,,, Add to cart , Save to list 
The Hamper Emporium - Sheridan Bear & Moet Boy Hamper,https://www.woolworths.com.au/shop/productdetails/1073963028/the-hamper-emporium-sheridan-bear-moet-boy-hamper,https://www.woolworths.com.au/content/promotiontags/everyday-market-free-shipping-v2.svg,https://assets.woolworths.com.au/images/1005/1073963028.jpg?impolicy=wowsmkqiema&w=260&h=260,$199.00,,, Add to cart , Save to list 
The Hamper Emporium - Sheridan Bear & Moet Girl Hamper,https://www.woolworths.com.au/shop/productdetails/1073963025/the-hamper-emporium-sheridan-bear-moet-girl-hamper,https://www.woolworths.com.au/content/promotiontags/everyday-market-free-shipping-v2.svg,https://assets.woolworths.com.au/images/1005/1073963025.jpg?impolicy=wowsmkqiema&w=260&h=260,$199.00,,, Add to cart , Save to list 
The Hamper Emporium - Wish You Well Hamper,https://www.woolworths.com.au/shop/productdetails/1073963065/the-hamper-emporium-wish-you-well-hamper,https://www.woolworths.com.au/content/promotiontags/everyday-market-free-shipping-v2.svg,https://assets.woolworths.com.au/images/1005/1073963065.jpg?impolicy=wowsmkqiema&w=260&h=260,$79.00,,, Add to cart , Save to list 
The Hamper Emporium Beers of Australia Hamper,https://www.woolworths.com.au/shop/productdetails/1073963004/the-hamper-emporium-beers-of-australia-hamper,https://www.woolworths.com.au/content/promotiontags/everyday-market-free-shipping-v2.svg,https://assets.woolworths.com.au/images/1005/1073963004.jpg?impolicy=wowsmkqiema&w=260&h=260,$99.00,,, Add to cart , Save to list 
The Hamper Emporium Chandon & Sweet Foodies Hamper,https://www.woolworths.com.au/shop/productdetails/1073961283/the-hamper-emporium-chandon-sweet-foodies-hamper,https://www.woolworths.com.au/content/promotiontags/everyday-market-free-shipping-v2.svg,https://assets.woolworths.com.au/images/1005/1073961283.jpg?impolicy=wowsmkqiema&w=260&h=260,$199.00,,, Add to cart , Save to list 
The Hamper Emporium Foodies with Premium Shiraz Wine Hamper,https://www.woolworths.com.au/shop/productdetails/1073961252/the-hamper-emporium-foodies-with-premium-shiraz-wine-hamper,https://www.woolworths.com.au/content/promotiontags/everyday-market-free-shipping-v2.svg,https://assets.woolworths.com.au/images/1005/1073961252.jpg?impolicy=wowsmkqiema&w=260&h=260,$169.00,,, Add to cart , Save to list 
The Hamper Emporium MicroBreweries of Australia Hamper,https://www.woolworths.com.au/shop/productdetails/1073963006/the-hamper-emporium-microbreweries-of-australia-hamper,https://www.woolworths.com.au/content/promotiontags/everyday-market-free-shipping-v2.svg,https://assets.woolworths.com.au/images/1005/1073963006.jpg?impolicy=wowsmkqiema&w=260&h=260,$119.00,,, Add to cart , Save to list 
The Hamper Emporium Moet with Australian Sweets & Nuts Hamper,https://www.woolworths.com.au/shop/productdetails/1073961247/the-hamper-emporium-moet-with-australian-sweets-nuts-hamper,https://www.woolworths.com.au/content/promotiontags/everyday-market-free-shipping-v2.svg,https://assets.woolworths.com.au/images/1005/1073961247.jpg?impolicy=wowsmkqiema&w=260&h=260,$139.00,,, Add to cart , Save to list 
The Hamper Emporium Ponting 'The Pinnacle' Shiraz Hamper,https://www.woolworths.com.au/shop/productdetails/1073961256/the-hamper-emporium-ponting-the-pinnacle-shiraz-hamper,https://www.woolworths.com.au/content/promotiontags/everyday-market-free-shipping-v2.svg,https://assets.woolworths.com.au/images/1005/1073961256.jpg?impolicy=wowsmkqiema&w=260&h=260,$99.00,,, Add to cart , Save to list 
The Hamper Emporium Premium Red & White Wine Hamper,https://www.woolworths.com.au/shop/productdetails/1073961249/the-hamper-emporium-premium-red-white-wine-hamper,https://www.woolworths.com.au/content/promotiontags/everyday-market-free-shipping-v2.svg,https://assets.woolworths.com.au/images/1005/1073961249.jpg?impolicy=wowsmkqiema&w=260&h=260,$179.00,,, Add to cart , Save to list 
The Hamper Emporium Red & White Nibbles Hamper,https://www.woolworths.com.au/shop/productdetails/1073961288/the-hamper-emporium-red-white-nibbles-hamper,https://www.woolworths.com.au/content/promotiontags/everyday-market-free-shipping-v2.svg,https://assets.woolworths.com.au/images/1005/1073961288.jpg?impolicy=wowsmkqiema&w=260&h=260,$139.00,,, Add to cart , Save to list 
The Hamper Emporium Red Wine & Nibbles Hamper,https://www.woolworths.com.au/shop/productdetails/1073961242/the-hamper-emporium-red-wine-nibbles-hamper,https://www.woolworths.com.au/content/promotiontags/everyday-market-free-shipping-v2.svg,https://assets.woolworths.com.au/images/1005/1073961242.jpg?impolicy=wowsmkqiema&w=260&h=260,$99.00,,, Add to cart , Save to list 
The Hamper Emporium Red Wine & Savoury Delights,https://www.woolworths.com.au/shop/productdetails/1073961255/the-hamper-emporium-red-wine-savoury-delights,https://www.woolworths.com.au/content/promotiontags/everyday-market-free-shipping-v2.svg,https://assets.woolworths.com.au/images/1005/1073961255.jpg?impolicy=wowsmkqiema&w=260&h=260,$69.00,,, Add to cart , Save to list 
The Hamper Emporium Sheridan Baby Snuggles with Moet Hamper,https://www.woolworths.com.au/shop/productdetails/1073963020/the-hamper-emporium-sheridan-baby-snuggles-with-moet-hamper,https://www.woolworths.com.au/content/promotiontags/everyday-market-free-shipping-v2.svg,https://assets.woolworths.com.au/images/1005/1073963020.jpg?impolicy=wowsmkqiema&w=260&h=260,$249.00,,, Add to cart , Save to list 
The Hamper Emporium The Ultimate Foodies with Shiraz Hamper,https://www.woolworths.com.au/shop/productdetails/1073961293/the-hamper-emporium-the-ultimate-foodies-with-shiraz-hamper,https://www.woolworths.com.au/content/promotiontags/everyday-market-free-shipping-v2.svg,https://assets.woolworths.com.au/images/1005/1073961293.jpg?impolicy=wowsmkqiema&w=260&h=260,$209.00,,, Add to cart , Save to list 
The Hamper Emporium White Wine & Nibbles Hamper,https://www.woolworths.com.au/shop/productdetails/1073961243/the-hamper-emporium-white-wine-nibbles-hamper,https://www.woolworths.com.au/content/promotiontags/everyday-market-free-shipping-v2.svg,https://assets.woolworths.com.au/images/1005/1073961243.jpg?impolicy=wowsmkqiema&w=260&h=260,$99.00,,, Add to cart , Save to list 
The Healthy Chef Beauty Tea 120g,https://www.woolworths.com.au/shop/productdetails/1073780339/the-healthy-chef-beauty-tea-120g,,https://assets.woolworths.com.au/images/1005/1073780339.jpg?impolicy=wowsmkqiema&w=260&h=260,$32.95,,$27.46 / 100G, Add to cart , Save to list 
The Healthy Chef Energy Tea 80g,https://www.woolworths.com.au/shop/productdetails/1073780341/the-healthy-chef-energy-tea-80g,,https://assets.woolworths.com.au/images/1005/1073780341.jpg?impolicy=wowsmkqiema&w=260&h=260,$32.95,,$41.19 / 100G, Add to cart , Save to list 
The Healthy Chef Immune Tea 80g,https://www.woolworths.com.au/shop/productdetails/1073780342/the-healthy-chef-immune-tea-80g,,https://assets.woolworths.com.au/images/1005/1073780342.jpg?impolicy=wowsmkqiema&w=260&h=260,$29.95,,$37.44 / 100G, Add to cart , Save to list 
The Healthy Chef Relax Tea 80g,https://www.woolworths.com.au/shop/productdetails/1073780343/the-healthy-chef-relax-tea-80g,,https://assets.woolworths.com.au/images/1005/1073780343.jpg?impolicy=wowsmkqiema&w=260&h=260,$29.95,,$37.44 / 100G, Add to cart , Save to list 
The Healthy Chef Turmeric Latte 70g,https://www.woolworths.com.au/shop/productdetails/1073942402/the-healthy-chef-turmeric-latte-70g,,https://assets.woolworths.com.au/images/1005/1073942402.jpg?impolicy=wowsmkqiema&w=260&h=260,$20.95,,$29.93 / 100G, Add to cart , Save to list 
The Organic Tea Project Breakfast Tea Bags 60 pack,https://www.woolworths.com.au/shop/productdetails/1073972511/the-organic-tea-project-breakfast-tea-bags-60-pack,,https://assets.woolworths.com.au/images/1005/1073972511.jpg?impolicy=wowsmkqiema&w=260&h=260,$35.85,,$59.75 / 100EA, Add to cart , Save to list 
The Organic Tea Project Darjeeling Tea Bags 60 pack,https://www.woolworths.com.au/shop/productdetails/1073972512/the-organic-tea-project-darjeeling-tea-bags-60-pack,,https://assets.woolworths.com.au/images/1005/1073972512.jpg?impolicy=wowsmkqiema&w=260&h=260,$35.85,,$59.75 / 100EA, Add to cart , Save to list 
The Organic Tea Project Earl Grey Tea Bags 60 pack,https://www.woolworths.com.au/shop/productdetails/1073972508/the-organic-tea-project-earl-grey-tea-bags-60-pack,,https://assets.woolworths.com.au/images/1005/1073972508.jpg?impolicy=wowsmkqiema&w=260&h=260,$35.85,,$59.75 / 100EA, Add to cart , Save to list 
The Organic Tea Project Green Tea Bags 60 pack,https://www.woolworths.com.au/shop/productdetails/1073972516/the-organic-tea-project-green-tea-bags-60-pack,,https://assets.woolworths.com.au/images/1005/1073972516.jpg?impolicy=wowsmkqiema&w=260&h=260,$35.85,,$59.75 / 100EA, Add to cart , Save to list 
The Organic Tea Project Masala Chai Tea Bags 60 pack,https://www.woolworths.com.au/shop/productdetails/1073973014/the-organic-tea-project-masala-chai-tea-bags-60-pack,,https://assets.woolworths.com.au/images/1005/1073973014.jpg?impolicy=wowsmkqiema&w=260&h=260,$35.85,,$59.75 / 100EA, Add to cart , Save to list 
The Organic Tea Project Sleep Tea Bags 60 pack,https://www.woolworths.com.au/shop/productdetails/1073972860/the-organic-tea-project-sleep-tea-bags-60-pack,,https://assets.woolworths.com.au/images/1005/1073972860.jpg?impolicy=wowsmkqiema&w=260&h=260,$35.85,,$59.75 / 100EA, Add to cart , Save to list 
The Organic Tea Project Sticky Chai 3 Pack,https://www.woolworths.com.au/shop/productdetails/1073979579/the-organic-tea-project-sticky-chai-3-pack,https://www.woolworths.com.au/content/promotiontags/roundel-special-200x200.png,https://assets.woolworths.com.au/images/1005/1073979579.jpg?impolicy=wowsmkqiema&w=260&h=260,$35.95,$44.70,$11.98 / 1EA, Add to cart , Save to list 
The Organic Tea Project Traditional Tea 3 pack,https://www.woolworths.com.au/shop/productdetails/1073982234/the-organic-tea-project-traditional-tea-3-pack,,https://assets.woolworths.com.au/images/1005/1073982234.jpg?impolicy=wowsmkqiema&w=260&h=260,$35.85,,$11.95 / 1EA, Add to cart , Save to list 
The Organic Tea Project Wellness Tea 3 pack,https://www.woolworths.com.au/shop/productdetails/1073979450/the-organic-tea-project-wellness-tea-3-pack,,https://assets.woolworths.com.au/images/1005/1073979450.jpg?impolicy=wowsmkqiema&w=260&h=260,$35.85,,$11.95 / 1EA, Add to cart , Save to list 
The Tea Collective Blossom Loose Leaf Maternity Collection 80g,https://www.woolworths.com.au/shop/productdetails/1073974655/the-tea-collective-blossom-loose-leaf-maternity-collection-80g,,https://assets.woolworths.com.au/images/1005/1073974655.jpg?impolicy=wowsmkqiema&w=260&h=260,$31.95,,$39.94 / 100G, Add to cart , Save to list 
The Tea Collective Flower Loose Leaf Maternity Collection 80g,https://www.woolworths.com.au/shop/productdetails/1073974656/the-tea-collective-flower-loose-leaf-maternity-collection-80g,,https://assets.woolworths.com.au/images/1005/1073974656.jpg?impolicy=wowsmkqiema&w=260&h=260,$31.95,,$39.94 / 100G, Add to cart , Save to list 
The Tea Collective Seed Loose Leaf Maternity Collection 80g,https://www.woolworths.com.au/shop/productdetails/1073974654/the-tea-collective-seed-loose-leaf-maternity-collection-80g,,https://assets.woolworths.com.au/images/1005/1073974654.jpg?impolicy=wowsmkqiema&w=260&h=260,$31.95,,$39.94 / 100G, Add to cart , Save to list 
Tonic Alchemy Boost Shot 90ml,https://www.woolworths.com.au/shop/productdetails/274043/tonic-alchemy-boost-shot,,https://assets.woolworths.com.au/images/1005/274043.jpg?impolicy=wowsmkqiema&w=260&h=260,$4.00,,$44.44 / 1L, Add to cart , Save to list 
Waves & Caves Cola 330ml x 12,https://www.woolworths.com.au/shop/productdetails/1074049686/waves-caves-cola-330ml-x-12,,https://assets.woolworths.com.au/images/1005/1074049686.jpg?impolicy=wowsmkqiema&w=260&h=260,$45.00,,$11.36 / 1L, Add to cart , Save to list 
Waves & Caves Dry Tonic 6x4 300ml,https://www.woolworths.com.au/shop/productdetails/1074049685/waves-caves-dry-tonic-6x4-300ml,https://www.woolworths.com.au/content/promotiontags/everyday-market-free-shipping-v2.svg,https://assets.woolworths.com.au/images/1005/1074049685.jpg?impolicy=wowsmkqiema&w=260&h=260,$80.00,,$20.20 / 1L, Add to cart , Save to list 
Waves & Caves Indian Tonic 6x4 300ml,https://www.woolworths.com.au/shop/productdetails/1074049684/waves-caves-indian-tonic-6x4-300ml,https://www.woolworths.com.au/content/promotiontags/everyday-market-free-shipping-v2.svg,https://assets.woolworths.com.au/images/1005/1074049684.jpg?impolicy=wowsmkqiema&w=260&h=260,$80.00,,$10.10 / 1L, Add to cart , Save to list 
Waves & Caves Orangeade 330ml x 12,https://www.woolworths.com.au/shop/productdetails/1074049683/waves-caves-orangeade-330ml-x-12,,https://assets.woolworths.com.au/images/1005/1074049683.jpg?impolicy=wowsmkqiema&w=260&h=260,$45.00,,$11.36 / 1L, Add to cart , Save to list 
Wellboost Care Plus Chocolate 840g,https://www.woolworths.com.au/shop/productdetails/1073868668/wellboost-care-plus-chocolate-840g,,https://assets.woolworths.com.au/images/1005/1073868668.jpg?impolicy=wowsmkqiema&w=260&h=260,$30.95,,, Add to cart , Save to list 
Whittard of Chelsea Tea Discovery Earl Grey Pouch & Silver-plated Infuser 100g,https://www.woolworths.com.au/shop/productdetails/1073961476/whittard-of-chelsea-tea-discovery-earl-grey-pouch-silver-plated-infuser-100g,,https://assets.woolworths.com.au/images/1005/1073961476.jpg?impolicy=wowsmkqiema&w=260&h=260,$39.95,,"$3,995.00 / 100G", Add to cart , Save to list 
Whittard of Chelsea Tea Discovery English Breakfast Pouch & Silver-plated Infuser 100g,https://www.woolworths.com.au/shop/productdetails/1073961475/whittard-of-chelsea-tea-discovery-english-breakfast-pouch-silver-plated-infuser-100g,,https://assets.woolworths.com.au/images/1005/1073961475.jpg?impolicy=wowsmkqiema&w=260&h=260,$39.95,,"$3,995.00 / 100G", Add to cart , Save to list 
Wuyi Star Wuyi Rock Tea 9g*5bag 45g,https://www.woolworths.com.au/shop/productdetails/1074034745/wuyi-star-wuyi-rock-tea-9g-5bag-45g,https://www.woolworths.com.au/content/promotiontags/roundel-special-200x200.png,https://assets.woolworths.com.au/images/1005/1074034745.jpg?impolicy=wowsmkqiema&w=260&h=260,$48.99,$54.99,$9.80 / 9G, Add to cart , Save to list 
Yun Pufa Nourishing Bag Infusion Tea Lotus Leaf Cassia Pu-er Tea 15pcs*3g,https://www.woolworths.com.au/shop/productdetails/1073962821/yun-pufa-nourishing-bag-infusion-tea-lotus-leaf-cassia-pu-er-tea-15pcs-3g,https://www.woolworths.com.au/content/promotiontags/roundel-special-200x200.png,https://assets.woolworths.com.au/images/1005/1073962821.jpg?impolicy=wowsmkqiema&w=260&h=260,$20.79,$21.99,$46.20 / 100G, Add to cart , Save to list 
rok Kombucha Berry Beats 330ml x 8,https://www.woolworths.com.au/shop/productdetails/1074049679/rok-kombucha-berry-beats-330ml-x-8,,https://assets.woolworths.com.au/images/1005/1074049679.jpg?impolicy=wowsmkqiema&w=260&h=260,$36.00,,$13.64 / 1L, Add to cart , Save to list 
rok+ Sparkling Functional Drink Immunity 330ml x 8,https://www.woolworths.com.au/shop/productdetails/1074049676/rok-sparkling-functional-drink-immunity-330ml-x-8,,https://assets.woolworths.com.au/images/1005/1074049676.jpg?impolicy=wowsmkqiema&w=260&h=260,$40.00,,$15.15 / 1L, Add to cart , Save to list 
